2634 4259
148 337 193 403 68
464 342 811 397 mrauoarnosaou

148 494 241 559 Venit
255 506 286 559 et
300 494 337 558 ad
353 494 498 579 Cyanen:
522 517 568 572 ea,
583 496 613 558 ni
628 510 740 558 mutata
754 495 865 573 suisset,

147 591 257 654 Omnia
270 591 425 669 narrasset,
439 593 492 654 sed
507 606 538 654 et
552 614 586 656 os
600 606 631 655 et
644 594 744 674 lingua
755 593 865 655 volenti

147 687 258 751 Dicere
273 699 331 751 non
347 688 482 751 aderant:
506 710 573 765 nec,
589 710 648 773 quo
662 690 844 772 loqueretur,
858 688 996 754 habebat.

147 784 238 867 Signa
252 799 352 847 tamen
363 785 521 849 manifesta
535 786 632 849 dedit:
604 790 815 869 tnotamque
830 787 954 870 parenti,
1055 788 1119 850 305

146 881 202 945 Illo
217 881 291 945 forte
306 884 372 945 loco
386 884 548 967 delapsam,
563 884 677 993 gurgite
696 904 779 946 sacru

146 977 354 1063 Persephones
369 1002 473 1042 zonam
487 980 608 1041 summis
622 980 771 1041 ostendit'
764 1002 793 1041 m
808 980 904 1041 undis.

147 1074 250 1150 Quam
265 1077 351 1139 simul
366 1077 495 1157 agnovit,
510 1089 651 1161 tanquam
666 1090 729 1137 tum
744 1076 871 1159 denique
885 1090 999 1159 raptam

147 1172 269 1250 Scisset,
284 1173 429 1236 inornatos
444 1173 563 1235 laniavit
579 1174 646 1234 diva
660 1173 799 1255 capillos:

147 1268 190 1333 Et
203 1271 328 1354 repetita
342 1270 401 1331 suis
415 1270 558 1353 percussit
574 1282 693 1353 pectora
707 1269 822 1353 palmis.
1057 1272 1121 1333 310

147 1362 215 1429 Nec
229 1367 284 1429 scit
298 1367 394 1429 adhuc
409 1367 525 1429 ubisit:
550 1380 639 1429 terras
654 1380 754 1428 tamen
769 1366 901 1449 increpat
913 1387 1035 1442 omnes;

147 1460 337 1548 Ingratasque
353 1478 449 1541 vocat,
465 1486 522 1526 nec
536 1463 651 1546 frugum
667 1484 788 1525 munere
803 1463 914 1544 dignas.

147 1558 330 1623 Trinacriam
345 1573 412 1622 ante
428 1561 531 1637 alias,
523 1583 553 1622 m
568 1582 628 1645 qua
642 1559 764 1639 vestigia
779 1560 878 1621 damni

148 1654 284 1739 Reperit.
330 1656 411 1739 Ergo
426 1656 484 1719 illic
499 1678 578 1718 seva
594 1657 736 1718 vertentia
750 1656 851 1738 glebas

147 1752 251 1837 Fregit
265 1768 358 1817 aratra
372 1776 482 1830 manu;
504 1754 668 1837 parilique
660 1768 732 1815 nata
745 1754 865 1823 colonos
1056 1756 1121 1817 315

147 1850 363 1936 Ruricolasque
377 1852 469 1914 boves
484 1852 544 1913 leto
558 1850 656 1927 dedit;
679 1871 806 1936 arvaque
821 1849 909 1935 jussit
949 1856 969 1910 .'

147 1947 265 2012 Fallere
281 1950 458 2033 depositum,
474 1950 632 2034 vitiataque
645 1949 760 2014 semina
773 1947 853 2011 fecit.

147 2043 294 2111 Fertilitas
308 2060 401 2123 terre,
415 2046 508 2109 latum
521 2047 640 2129 vulgata
655 2066 710 2128 per
724 2048 836 2122 orbem,

147 2138 242 2206 Cassa
251 2143 349 2228 jacet:
372 2144 472 2227 primis
487 2157 602 2225 segetes
617 2144 779 2204 moriuntur
793 2144 822 2205 in
838 2142 951 2205 herbis:

148 2237 190 2303 Et
204 2240 294 2301 modb
308 2241 350 2303 sol
367 2240 483 2317 nimius,
497 2239 602 2301 nimius
616 2239 707 2301 modb
721 2240 839 2323 corripit
852 2240 955 2301 imber.
1057 2242 1120 2303 320

147 2335 319 2421 Sideraque,
335 2338 474 2421 ventique
489 2350 614 2399 nocent:
638 2337 790 2421 avidaeque
805 2336 940 2399 volucres

148 2432 269 2496 Semina
278 2434 358 2518 jacta
372 2434 491 2516 legunt:
514 2434 626 2510 lolium,
639 2434 797 2518 tribulique
811 2434 932 2516 fatigant

146 2530 291 2593 Triticeas
304 2552 426 2607 messae,
441 2544 472 2593 et
486 2530 714 2614 inexpugnabile
733 2552 864 2613 gramen.

189 2627 272 2690 Tam
285 2642 376 2711 eaput
390 2625 473 2689 Eleis
488 2627 633 2711 Alpheias
649 2628 755 2690 extulit
769 2629 872 2691 undis:

146 2722 353 2808 Rorantesqua
368 2745 468 2786 eontas
482 2746 500 2785 a
514 2722 608 2786 fronte
623 2725 749 2787 removit
763 2725 800 2787 ad
816 2746 917 2789 aures:
1056 2728 1120 2790 325

128 2894 132 2899 ,
147 2823 251 2907 Atque
264 2822 320 2885 ait:
344 2820 393 2883 ‘O
407 2835 470 2884 toto
485 2821 609 2905 quaesitoe
626 2822 742 2904 virginis
757 2824 838 2900 orbe,

147 2918 190 2982 Et
204 2920 317 3003 frugum
333 2920 470 3002 genitrix,
485 2920 644 2983 immensos
659 2921 728 2983 siste
743 2921 873 2985 labores:

114 3046 116 3051 ¹
147 3015 235 3080 Neve
250 3018 300 3080 tibi
315 3018 379 3080 lidae
395 3018 523 3081 violenta
537 3017 662 3079 irascere
677 3031 771 3081 terrae.

146 3113 243 3177 Terra
256 3114 328 3176 nihil
342 3115 467 3177 meruit:
490 3114 644 3200 patuitque
659 3116 750 3177 invita
762 3118 881 3199 rapina.

147 3210 215 3273 Nec
229 3233 294 3273 sum
310 3232 362 3293 pro
377 3210 473 3293 patrib·
485 3213 632 3295 supplex:
656 3213 715 3275 huc
730 3213 845 3296 hospita
860 3214 939 3275 veni.
1057 3218 1120 3279 330
1181 3270 1186 3277 ,

147 3306 217 3370 Pisa
231 3308 304 3386 mihi
318 3307 410 3390 patria
424 3321 487 3383 est3
509 3322 539 3371 et
554 3309 591 3371 ab
607 3308 695 3372 Elide
711 3310 844 3372 ducimus
858 3325 964 3373 ortum.

147 3402 294 3467 Sicaniam
310 3404 463 3488 peregrina
476 3405 561 3468 colo:
584 3405 636 3467 sed
648 3407 759 3489 gratior
773 3408 852 3469 omni

146 3497 221 3562 Hac
235 3500 307 3564 mihi
322 3514 399 3563 terra
412 3502 475 3564 solo
489 3516 545 3565 est.
591 3502 657 3567 Hos
670 3526 750 3567 nunc
765 3506 915 3569 Arethusa
928 3521 1062 3591 penates,
