2634 4259
571 372 679 425 LIBER
702 359 762 423 vit.
813 414 817 420 ,

174 523 237 602 Qui
251 524 428 609 lacryment,
443 522 567 587 desunt:
588 522 795 605 indefletoeqrte
812 535 955 603 vagantur

173 623 318 687 Natarum
332 637 516 705 matrumque
532 621 645 705 anima,
657 619 860 704 juvenumque
879 638 1059 701 senumque:

173 718 241 782 Nec
254 721 337 783 locus
351 720 381 781 in
396 718 533 794 tumulos,
547 738 604 779 nec
617 717 725 779 sufficit
739 717 824 777 arbor
837 716 867 777 in
881 716 974 798 ignes.

217 817 369 879 Attonitus
384 828 466 877 tanto
479 813 650 877 miserarum
664 802 779 875 turbine
794 833 902 889 rerum,

174 913 322 996 “Jupiter
336 911 388 989 ὂ,”
404 906 477 989 dixi,
493 911 622 973 “sinon
637 910 730 993 pudet
745 930 810 971 esse
825 922 996 992 parentem3
1082 912 1145 973 205

174 1009 239 1071 Aut
252 1010 325 1072 mihi
339 1009 429 1083 redde
444 1030 537 1085 mooe,
552 1021 602 1070 aut
615 1027 665 1069 me
681 1028 797 1090 quoque
812 1007 907 1073 conde
921 1007 1091 1090 sepulcro.''

173 1105 230 1169 Ille
244 1121 344 1169 notam
358 1105 470 1188 fulgore
486 1106 576 1181 dedit,
591 1103 758 1188 tonitruque
772 1104 914 1167 secundo.

174 1208 195 1239 “
204 1202 343 1287 Accipio,
357 1203 473 1285 sintque
487 1203 542 1264 ista
556 1222 662 1285 precor
674 1200 769 1264 felicia
783 1201 890 1263 mentis

174 1298 266 1380 Signa
280 1298 367 1375 tuae,”
384 1300 462 1362 dixi:
486 1306 505 1336 “
516 1300 593 1383 quod
608 1299 660 1361 das
675 1299 756 1377 mihi,
772 1299 918 1381 pigneror,
932 1298 1054 1360 omen.''

217 1394 245 1456 F
247 1395 309 1457 ort'e
324 1394 378 1458 suit
387 1395 476 1480 juxta
489 1397 594 1479 patulis
608 1396 753 1458 rarissima
766 1397 863 1473 ramis,
1082 1398 1146 1459 210

174 1490 266 1554 Sacra
279 1490 358 1569 Jovi,
374 1512 498 1576 quercus
513 1492 678 1567 desemine
692 1492 857 1558 Dodonaeo.

175 1587 236 1651 Hic
250 1610 304 1651 nos
318 1588 471 1671 frugilegas
485 1589 675 1672 adspeximus
690 1590 804 1671 agmine
818 1590 908 1672 longo

174 1684 295 1747 Grande
310 1706 383 1748 onus
398 1686 506 1768 exiguo
520 1685 655 1749 sormioas
669 1706 720 1749 ore
735 1700 881 1767 gerentes,

175 1780 358 1865 Rugosoque
373 1803 459 1843 suum
473 1795 622 1845 servantes
637 1783 746 1844 cortice
760 1782 877 1844 callem.

174 1876 258 1940 Dum
272 1900 428 1941 numerum
443 1879 541 1956 miror,
556 1885 575 1915 “
584 1877 737 1955 Totidem,
752 1891 837 1961 pater
850 1879 993 1961 optime,’'
1009 1880 1081 1958 dixi,

78 1980 81 1985 '
175 1963 254 2037 “Tu
269 1976 342 2037 mihi
357 1975 395 2037 da
409 1975 507 2038 cives:
531 1989 562 2037 at
575 1975 672 2039 inania
686 1975 798 2037 moenia
810 1974 925 2057 reple.''
1082 1980 1145 2041 216

174 2071 337 2149 Intremuit,
353 2072 499 2156 ramisque
513 2093 616 2134 sonum
632 2072 694 2133 sine
709 2070 827 2133 flamine
842 2072 927 2134 motis

173 2170 245 2232 Alta
259 2169 341 2231 dedit
356 2190 490 2252 quercus.
535 2168 650 2237 Pavido
663 2169 736 2231 mihi
749 2169 882 2231 membra
896 2170 1000 2233 timore

174 2264 365 2344 Horruerant,
380 2267 552 2349 stabantque
566 2288 669 2329 corna.
713 2265 831 2328 Tamen
846 2268 946 2329 oscula
959 2282 1053 2345 terra,

105 2447 108 2451 .
173 2358 501 2447 Roboribusquededi:
518 2384 574 2425 nec
589 2384 636 2425 mc
652 2384 770 2445 sperare
785 2361 913 2439 fatebar3
1083 2368 1146 2430 220

151 2467 153 2471 ’
173 2460 336 2546 Sperabam
352 2474 467 2545 tamen:
491 2472 579 2543 atque
595 2460 692 2521 animo
706 2481 774 2521 mea
788 2473 857 2521 vota
871 2459 1017 2524 fovebam.
1119 2470 1126 2483 ‘

215 2558 245 2620 N
247 2580 288 2621 ox
302 2558 395 2620 subit:
418 2571 448 2619 et
463 2556 539 2619 curis
554 2556 685 2619 exercita
697 2578 821 2639 corpora
835 2576 954 2620 somnus

173 2654 322 2738 Occupat.
366 2654 448 2717 Ante
464 2654 564 2716 oculos
579 2653 685 2715 eadem
699 2653 771 2715 mihi
786 2675 910 2737 quercus
924 2655 1039 2733 adesse,

96 2737 100 2744 ¹
173 2752 214 2815 Et
228 2774 325 2814 ramos
339 2752 473 2827 totidem,
488 2748 672 2834 totidemque
685 2740 823 2814 animalia
836 2751 923 2813 ramis
1078 2824 1081 2828 ¹

172 2846 265 2911 Ferre
280 2850 338 2911 suis
354 2850 415 2910 visa
430 2862 475 2910 est
484 2870 492 2925 ;
515 2848 656 2931 parilique
671 2848 839 2909 tremiscere
853 2861 953 2912 motu:
1083 2853 1147 2914 225

172 2944 418 3029 Graniferumque
434 2962 541 3027 agmen
556 2942 695 3027 subjectis
708 2963 847 3025 spargere
862 2944 890 3005 in
902 2945 988 3008 arvis.

172 3042 317 3105 Crescere
332 3042 410 3125 quod
425 3040 533 3119 subiti),
549 3055 579 3103 et
593 3039 689 3124 majus
703 3038 857 3124 majusque
872 3040 975 3119 videri,

171 3139 220 3201 Ac
235 3162 267 3201 sc
282 3140 384 3202 tollere
399 3141 501 3217 hamc,
516 3152 655 3222 rectoque
671 3136 811 3201 adsistere
825 3151 946 3217 trunco;

171 3234 213 3299 Et
227 3238 351 3299 maciem
367 3256 584 3321 numerumque⁴
597 3236 720 3321 pedum,
734 3235 909 3320 nigrumque
923 3236 1053 3299 colorem

170 3334 307 3410 Ponere;
329 3347 359 3396 et
373 3335 532 3397 humanam
547 3333 687 3396 membris
700 3334 839 3397 inducere
854 3332 988 3397 sormam.
1082 3338 1145 3400 230

170 3431 299 3494 Somnus
315 3431 383 3493 abit.
429 3429 549 3493 Damno
564 3430 688 3513 vigilans
700 3452 769 3493 mea
783 3431 862 3508 visa3
884 3452 1049 3517 querorque

170 3527 205 3590 In
222 3529 334 3609 superis
348 3528 412 3610 opis
427 3548 491 3590 esse
505 3527 588 3590 nihil.
633 3527 678 3605 At
691 3528 722 3590 in
736 3528 846 3591 adibus
860 3528 964 3612 ingens

511 3624 532 3687 8
