2634 4259
573 386 681 441 Lmen
695 386 771 439 xnr.

186 534 372 621 Exspectata
386 538 447 618 diu,
461 536 551 613 nulla,
567 551 617 605 aut
630 536 774 600 oonoaria
785 536 883 612 classi,

185 632 323 697 Flamina
336 647 404 696 sunt
414 654 422 696 :
433 633 582 716 'dureque
593 632 700 718 jubent
714 632 941 715 Agamemnona
953 644 1047 695 sortes

184 728 368 793 Immeritam
381 751 465 793 savae
479 742 577 791 namna
592 743 721 791 mactare
736 728 853 791 Diana.
1097 728 1158 792 18⁵

185 824 326 908 Denegat
340 825 398 888 hoc
411 825 535 907 genitor,
550 824 683 909 divisque
697 825 829 888 irascitur
842 824 930 908 ipsis:

185 923 289 1007 Atque
303 922 333 985 in
348 942 417 1005 rege
431 934 532 984 tamen
546 930 632 1007 pater
645 923 701 986 est.
745 920 814 1004 Ego
827 921 899 983 mite
914 923 1042 1005 parentis

184 1015 342 1102 Ingenium
356 1018 451 1081 verbis
465 1016 504 1080 ad
518 1017 637 1101 publica
650 1017 807 1081 commoda
823 1019 906 1080 verti.

185 1112 216 1179 N
218 1136 276 1177 unc
290 1114 428 1198 equidem
442 1113 545 1192 fateor,
560 1113 696 1198 fassoque
710 1114 842 1197 ignoscat
855 1114 994 1193 Atrides;

185 1211 345 1275 Difficilem
361 1211 443 1273 tenui
456 1211 511 1274 sub
525 1211 625 1295 iniquo
634 1209 736 1297 judice
749 1233 879 1275 causam.
1097 1215 1160 1277 190

186 1307 277 1371 Hunc
292 1322 391 1371 nmen
405 1308 514 1371 utilitas
528 1308 641 1391 populi,
658 1306 824 1393 iiatrisque,
839 1308 958 1393 datique
1038 1350 1041 1353 -

186 1404 311 1468 Summa
323 1417 424 1466 movet
437 1390 557 1487 sceptri,
570 1403 692 1468 laudem
707 1416 740 1465 ut
752 1420 821 1467 curn
835 1405 977 1486 sanguine
991 1404 1107 1489 penset.

186 1499 291 1563 Mittor
303 1513 334 1562 et
348 1500 385 1562 ad
399 1513 543 1565 matrem:
567 1520 631 1582 qua
645 1520 706 1562 non
719 1499 872 1577 hortanda,
886 1500 940 1562 sed
954 1513 1019 1563 astu

186 1595 373 1679 Decipienda
386 1594 450 1659 linit.
495 1594 607 1669 Qudsi
622 1595 815 1658 Telamonius
829 1596 910 1674 isset,

47 1762 53 1771 ,
114 1694 117 1699 ’
186 1691 269 1756 Orba
283 1693 341 1755 suis
355 1706 453 1755 essent
468 1692 629 1755 etiamnum
643 1692 734 1755 lintea
749 1692 856 1755 ventis.
1097 1695 1159 1758 19⁵

227 1786 333 1851 Mittor
346 1802 377 1851 et
391 1787 495 1851 Iliacas
510 1787 608 1850 audax
622 1802 720 1851 orator
732 1789 770 1850 ad
785 1807 884 1852 arces:

162 1901 170 1912 ·
186 1883 318 1968 Visaque
333 1898 363 1947 et
377 1885 482 1949 intrata
496 1897 540 1945 est
555 1882 619 1946 altae
633 1884 707 1946 mihi
720 1885 801 1946 curia
814 1884 925 1969 Troje.
1051 1920 1054 1924 ·

185 1978 339 2065 Plenaque
354 1980 451 2047 adhue
466 1993 528 2042 erat
542 1979 592 2041 illa
607 1980 687 2041 viris.
730 1978 954 2063 Interritusxegi,

186 2070 288 2151 Quam
302 2076 375 2139 mihi
388 2074 542 2139 mandarat
556 2076 721 2139 communis
736 2076 862 2155 Gracia,
875 2095 1012 2141 causam:

184 2171 364 2257 Accnsoque
378 2170 479 2251 Parin,
494 2171 692 2256 predamque,
707 2173 916 2258 Helenamque
929 2194 1070 2259 reposco:

185 2267 227 2331 Et
240 2290 348 2331 moveo
361 2266 523 2347 Priamum,
538 2268 717 2352 Priamoque
732 2271 886 2333 Antenora
895 2271 1042 2356 junctum.
1094 2273 1154 2336 201

184 2364 229 2428 At
243 2364 338 2443 Paris,
353 2377 384 2429 st
398 2364 510 2442 fratres,
524 2379 555 2427 et
570 2366 619 2448 qui
633 2367 757 2449 rapuere
771 2368 827 2429 sub
840 2368 901 2444 illo,

185 2459 248 2523 vix
262 2461 384 2529 tenuere
399 2482 504 2525 manus
521 2460 592 2547 (scis
606 2461 675 2539 hoc,
691 2460 848 2549 Menelad)
864 2463 1022 2528 nefandas:

184 2554 343 2641 Primaque
357 2558 410 2621 lux
424 2557 513 2620 nostri
528 2571 625 2621 tecum
641 2557 695 2621 suit
709 2558 759 2621 illa
772 2557 898 2643 pericli'

226 2652 332 2735 Longa
341 2652 452 2729 'referre
466 2675 549 2717 mora
563 2668 618 2732 est,
634 2676 699 2739 quae
712 2657 894 2742 consilioque
908 2678 1057 2742 manuque
1092 2658 1157 2721 ωδ

157 2820 158 2823 ¹
183 2746 304 2811 Utiliter
316 2748 373 2812 seci
387 2749 506 2832 spatiosi
520 2763 653 2834 tempore
670 2752 749 2814 belli.
1126 2763 1128 2766 ’

118 2922 126 2937 ,
184 2845 257 2909 Post
272 2846 350 2909 acies
364 2846 483 2930 primas,
497 2848 576 2910 urbis
590 2868 622 2909 se
636 2848 784 2911 moenrlrus
801 2847 902 2911 hostes

184 2941 367 3005 Continuere
382 2941 452 3018 diu;
473 2963 530 3005 nec
545 2943 638 3025 aperti
652 2943 740 3025 copia
753 2941 858 3005 Martis

183 3036 255 3101 Ulla
270 3037 341 3101 suit:
364 3037 481 3100 decimo
494 3036 614 3100 demum
629 3038 823 3121 pugnavimus
838 3059 926 3101 anno.

184 3131 270 3208 Quid
284 3132 355 3197 sacis
370 3134 492 3211 interea,
507 3135 557 3218 qui
571 3134 612 3196 nil
627 3134 682 3196 nisi
696 3134 801 3218 proelia
814 3135 912 3197 nosti?
1091 3138 1155 3201 21⁰
1247 3194 1250 3197 ,

183 3230 263 3303 Quis
277 3243 344 3293 tuns
359 3253 428 3293 usus
444 3234 525 3294 erat?
570 3228 650 3295 Nam
661 3230 689 3294 vsi
704 3244 773 3293 mea
785 3230 863 3295 iacta
875 3232 1007 3316 requiris,

184 3324 327 3389 Hostibus
342 3325 475 3391 insidior:
498 3326 589 3390 fossas
603 3327 764 3391 munimine
777 3329 882 3413 cingo:

184 3420 332 3485 Consolor
344 3424 448 3501 socios,
463 3437 496 3487 nt
510 3424 589 3507 longi
603 3424 689 3487 tedia
702 3423 773 3486 belli

443 3523 479 3581 ll
566 3572 570 3579 .
