2634 4259
571 425 678 478 LIBER
695 426 728 478 V.

166 570 253 638 Hane
267 575 365 638 habeo
380 576 502 653 sedem;
526 599 613 660 quam
628 591 671 654 tu,
686 576 848 656 mitissima,
863 597 959 641 serva.

166 668 251 733 Mota
265 672 333 733 loeo
346 694 400 734 cur
413 674 480 749 sim,
495 674 626 757 tantique
641 695 696 756 per
710 674 832 757 aequoris
846 676 940 737 undas

167 767 310 831 Adveher
323 768 491 853 Ortygiam,
507 771 606 833 veniet
620 771 782 833 narratibus
797 772 869 833 hora
947 762 950 766 ¹

166 864 361 948 Tempestive
374 867 447 928 meis
458 888 466 942 ;
488 866 556 929 curn
571 880 603 943 tu
616 868 753 949 curisque
766 867 875 944 levata,

168 958 209 1026 Et
223 963 322 1025 vultus
335 963 463 1025 melioris
479 963 545 1025 eris.
589 963 667 1025 Mihi
681 964 783 1047 pervia
800 964 887 1026 tellus

168 1056 284 1121 Praebet
298 1059 370 1121 iter:
393 1061 552 1143 subterque
566 1060 639 1123 imas
652 1061 750 1123 abluta
763 1082 905 1124 cavernas
960 1100 969 1115 ·

145 1232 149 1239 Ι
168 1153 228 1217 Hic
241 1162 330 1239 caput
346 1158 458 1233 attollo,
472 1157 653 1241 desuetaque
668 1158 764 1220 sidera
777 1179 877 1221 cerno.

168 1250 259 1333 Ergo,
274 1253 345 1315 dum
360 1254 465 1337 Stygio
479 1254 533 1316 sub
548 1256 629 1316 terris
644 1256 757 1337 gurgite
771 1255 863 1333 labor,

168 1346 242 1411 Visa
256 1364 306 1411 tua
320 1364 364 1413 est
379 1351 471 1413 oculis
485 1351 544 1413 illio
559 1351 737 1435 Proserpina
750 1353 866 1415 nostris.

166 1444 223 1507 Illa
236 1447 355 1531 quidem
370 1449 468 1525 tristis,
482 1470 538 1510 nec
553 1448 649 1510 adhuc
665 1450 795 1511 interrita
808 1450 912 1527 vultu;
950 1517 956 1526 ‚

167 1542 228 1605 Sed
242 1545 342 1625 regina
356 1558 465 1621 tamen,
480 1544 531 1607 sed
548 1545 632 1628 opaci
647 1547 778 1608 maxima
792 1546 893 1609 mundi
902 1538 930 1624 3‘
1047 1538 1052 1545 ’

167 1639 228 1701 Sed
244 1654 342 1703 temen
357 1640 460 1703 inferni
475 1643 589 1725 pollens
604 1646 737 1705 matrona
751 1644 890 1725 tyranni'

208 1737 308 1800 Mater
322 1738 359 1801 ad
374 1739 487 1801 audites
501 1739 623 1821 stupuit,
638 1761 694 1802 ceu
709 1762 811 1817 saxea,
826 1762 932 1804 voees:

162 1834 366 1920 'Attonitaeque
382 1836 431 1897 diu
446 1836 545 1897 similis
560 1836 628 1898 fuit:
652 1850 744 1919 utque
759 1836 859 1899 dolore

165 1930 257 1995 Pulsa
270 1934 350 2014 gravi
366 1934 462 2014 gravis
477 1946 522 1995 est
536 1934 682 2008 amentia3
703 1932 834 1995 curribus
848 1954 932 1995 aures

166 2028 239 2092 Exit
254 2031 283 2092 in
299 2031 448 2093 aetherias:
472 2030 512 2092 ibi
527 2043 589 2091 toto
604 2030 705 2092 nubila
720 2029 801 2091 vultu

165 2127 246 2190 Ante
261 2126 370 2191 Jovem
387 2128 477 2211 passis
492 2128 573 2189 stetit
587 2126 730 2190 invidiosa
743 2125 866 2211 cupillis.

166 2224 303 2309 ‘Proque
318 2246 386 2289 meo
402 2226 489 2287 venio
502 2226 629 2309 supplex
645 2226 709 2302 tibi,
723 2223 861 2309 Jupiter:
877 2223 981 2310 inquit,

165 2317 344 2402 ‘Sanguine
359 2343 470 2405 proque
486 2335 548 2383 tuo.
593 2321 626 2385 Si
640 2322 722 2383 nulla
735 2337 781 2384 est
794 2323 885 2404 gratia
898 2322 999 2385 matris
1008 2339 1018 2396 3

165 2416 244 2479 Nata
257 2432 371 2500 patrem
385 2431 521 2493 moveat3
543 2436 602 2479 neu
616 2418 652 2479 sit
667 2418 719 2478 tibi
733 2439 814 2494 cura,
829 2439 995 2501 precamur,

166 2514 260 2579 Vilior
273 2506 359 2591 iliius,
375 2514 454 2598 quod
469 2528 568 2577 nostro
582 2528 627 2577 est
642 2514 722 2576 edita
736 2528 831 2596 partu.

164 2610 213 2674 En
229 2612 349 2695 quesita
363 2611 412 2674 diu
427 2611 547 2673 tandem
562 2611 633 2673 mihi
647 2624 718 2689 nata
731 2624 847 2694 reperta
861 2624 924 2695 est:
1073 2614 1138 2677 355

164 2707 196 2770 Si
210 2709 338 2792 reperire
355 2730 453 2784 vocas,
468 2708 601 2769 amittere
616 2708 742 2784 certiiu3
764 2722 814 2770 aut
828 2708 853 2769 si

164 2805 246 2867 Scire
261 2806 311 2868 ubi
326 2805 372 2881 sit,
387 2792 514 2887 reperire
530 2808 629 2866 vo'cas.
675 2803 768 2877 Quod
782 2796 876 2887 rapte,
891 2804 1037 2881 feremus3

163 2901 337 2964 Dummodo
351 2902 453 2964 reddat
468 2924 551 2963 earn:
575 2922 673 2982 neque
688 2901 767 2961 enirn
782 2900 919 2982 predone
933 2902 1038 2963 marito

163 2998 240 3064 Filia
254 3000 341 3081 digna
356 3012 407 3060 tua
422 3011 485 3072 est;
507 2998 531 3057 si
542 2996 604 3079 jam
619 3016 686 3056 mea
700 2996 759 3059 filia
773 2994 862 3075 digna
875 2996 941 3057 est.'

163 3098 281 3182 Jupiter
295 3098 415 3180 excepit
424 3119 438 3158 ε-
456 3095 644 3157 ‘Commune
660 3106 705 3154 est
719 3093 824 3175 pignus
839 3114 972 3175 onusque
1072 3096 1137 3159 360

162 3192 242 3258 Nata
256 3195 328 3257 mihi
342 3208 458 3257 tecum:
481 3191 544 3267 sed,
559 3191 582 3252 si
597 3189 686 3253 modd
701 3190 819 3252 nomina
836 3190 924 3253 rebus

162 3294 285 3355 Addere
301 3312 369 3353 vera
385 3291 493 3374 placet,
508 3311 566 3351 non
582 3288 638 3349 hoo
653 3285 756 3373 injuria
771 3288 891 3364 sactum,

163 3389 278 3451 Verum
294 3410 374 3450 arnor
389 3402 451 3450 est:
475 3408 572 3469 neque
587 3385 641 3447 erit
655 3385 742 3448 nobis
754 3392 845 3467 gener
858 3385 907 3446 ille
922 3384 1037 3468 pudori,
1139 3385 1142 3391 '

162 3485 213 3548 Tu
229 3484 328 3561 modd,
341 3484 420 3560 diva,
435 3484 518 3545 velis.
563 3482 607 3545 Ut
622 3482 718 3544 desint
732 3495 855 3558 cetera3
879 3495 1020 3565 quantum
1035 3495 1080 3544 est

163 3582 241 3645 Esse
255 3580 338 3644 Jovis
352 3580 488 3644 fratrem!
511 3578 581 3663 quid
596 3578 676 3663 qudd
689 3600 746 3641 nec
760 3593 865 3645 cetera
879 3579 996 3659 desunt,
1073 3579 1137 3643 365
