2634 4259
480 364 486 374 '
537 390 734 442 'srrsrorn
755 394 789 443 x.
1005 384 1009 394 '
1099 393 1190 475 163,

187 532 261 596 Inde
276 554 333 616 ego
350 534 433 621 (nam
448 538 542 601 ventis
558 560 676 622 quoque
690 562 756 602 sum
769 541 936 605 crudelibus
949 540 1017 628 usa)

208 630 300 697 ‚Vidi
314 634 455 716 praecipiti
468 636 587 696 carbasa
603 650 683 697 tenta
697 636 788 699 Noto.
1115 643 1159 703 30

185 727 248 789 Aut
263 729 322 790 vidi
330 752 340 789 1:
364 731 527 807 autetiam,
542 732 611 793 clun
625 754 675 793 me
690 733 796 795 vidisse
810 749 955 816 putarem,

226 824 372 907 Frigidior
385 828 478 907 glacie
492 829 718 912 seruanimisque
734 829 786 892 fui.

182 920 249 984 Nec
264 924 402 1004 languere
418 924 467 985 diri
483 926 590 1006 patitur
604 926 696 988 dolor.
740 926 866 989 Excitor
883 928 950 1004 illo,

225 1016 359 1096 Excitor,
376 1034 405 1082 et
420 1022 535 1083 summai
549 1022 669 1084 Thesea
685 1044 759 1085 voce
777 1046 859 1086 voco.

183 1113 273 1187 ‘Quo
288 1115 363 1198 sugis
373 1114 394 1179 ?'
418 1118 570 1180 exclamo:
594 1120 766 1196 ‘scelerata
780 1135 939 1197 revertere,
954 1121 1088 1184 Theseu.
1110 1125 1153 1186 35

223 1210 329 1274 Flecte
343 1226 453 1275 ratem:
476 1236 631 1276 numerum
646 1237 705 1278 non
720 1217 810 1279 habet
823 1217 873 1279 illa
886 1218 997 1279 suum-²

181 1306 255 1370 Haec
270 1330 337 1391 ego.
382 1309 475 1383 Quod
490 1312 556 1373 voci
570 1312 681 1388 deerat,
697 1313 835 1395 plangore
850 1314 1012 1397 replebam.

223 1403 358 1467 Verbera
371 1428 440 1468 cum
455 1407 550 1481 verbis
565 1408 652 1470 mista
666 1407 749 1469 suere
763 1410 847 1473 meis.

179 1500 212 1564 Si
225 1524 284 1566 non
300 1504 424 1580 audires,
439 1519 473 1565 ut
486 1505 590 1566 saltem
605 1525 725 1567 cernere
740 1519 853 1588 posses,

220 1597 343 1662 Jactatae
357 1599 416 1662 late
431 1600 513 1681 signa
528 1601 637 1663 dedere
650 1622 766 1663 manus.

178 1694 373 1780 Candidaque
388 1697 513 1779 imposui
527 1697 619 1778 longe
636 1699 781 1760 velamina
795 1698 893 1780 virge,
965 1780 970 1786 ἱ

220 1792 340 1855 Scilicet
355 1794 459 1855 oblitos
474 1794 655 1856 admonitura
670 1795 740 1856 mei.
870 1808 874 1813 ’

176 1886 304 1973 Jamque
319 1891 410 1952 oculis
426 1903 544 1973 ereptus
559 1876 639 1953 eras:
662 1904 726 1952 turn
741 1890 867 1973 deniqne
882 1889 962 1953 flevi.

218 1982 407 2069 Torpuerant
421 1987 524 2048 molles
539 1987 607 2050 ante
623 1988 725 2050 dolore
739 2008 833 2068 gena.
1254 2069 1258 2073 Δ

176 2078 258 2154 Quid
274 2082 370 2165 potius
385 2083 525 2160 lacerent,
541 2084 628 2167 quim
644 2105 692 2145 me
706 2104 775 2145 mea
788 2083 1026 2162 luminallerent,
1103 2086 1147 2149 45
1241 2079 1244 2084 ¹

217 2178 379 2262 Postquam
394 2180 539 2243 desierant
554 2180 619 2243 vela
634 2181 733 2244 videre
748 2182 820 2242 tua?

174 2276 238 2338 Aut
252 2289 309 2358 'ego
324 2278 434 2339 diffusis
449 2278 541 2339 erravi
556 2278 617 2365 sola
631 2277 754 2359 capillis,

216 2372 323 2446 Qualis
338 2374 375 2435 ab
389 2374 509 2455 Ogygio
523 2375 636 2435 concita
651 2372 775 2435 Baccha
788 2374 863 2435 deo:

173 2468 237 2531 ilut
251 2492 330 2533 mare
345 2472 524 2553 prospiciens
540 2470 568 2531 in
582 2492 655 2533 saxo
670 2469 772 2550 frigida
786 2470 866 2531 sedi:

215 2564 376 2651 Quamque
391 2567 468 2650 lapis
479 2567 575 2643 sedes,
590 2581 650 2629 tam
665 2566 739 2649 lapis
753 2566 816 2649 ipsa
831 2565 882 2628 tui.

171 2663 258 2746 Saepe
274 2678 368 2727 torum
385 2678 497 2747 repeto,
513 2665 630 2747 quinos
646 2678 802 2746 acceperat
816 2664 917 2725 ambos
924 2685 937 2740 -3

215 2758 276 2823 Sed
290 2783 348 2823 non
364 2778 502 2844 acceptos
517 2761 700 2823 exhibitunrs
714 2773 787 2821 erat.

84 2904 86 2909 .
172 2857 214 2920 Et
228 2872 287 2934 tua,
303 2858 362 2941 qud
376 2880 505 2941 possum,
521 2880 574 2940 pro
589 2870 629 2933 te,
645 2857 767 2937 vestigia
781 2870 888 2937 tango;

214 2954 381 3038 Strataque,
396 2978 459 3038 quae
474 2955 611 3017 membris
622 2954 776 3035 intepuere
791 2952 858 3014 tuis.
958 2943 962 2948 ’

172 3050 315 3115 Incumbo
325 3073 333 3127 ;
355 3052 550 3134 lacrymisque
565 3064 628 3114 toro
643 3062 779 3111 manante
795 3046 930 3129 profusis,
978 3094 983 3101 .
1100 3049 1143 3113 55

215 3156 223 3185 ‘
232 3148 417 3224 Pressimus,'
433 3150 580 3224 exclamo,
596 3156 643 3209 ‘te
659 3148 735 3208 duo:
758 3146 849 3207 redde
864 3145 947 3207 duos.

172 3244 318 3313 Venimus
332 3246 390 3307 huc
406 3246 509 3307 ambo:
532 3266 586 3307 cur
598 3266 656 3307 non
672 3244 848 3305 discedimus
863 3242 971 3304 ambo?

213 3342 342 3418 Perfide,
358 3364 423 3424 pars
438 3342 537 3418 nostri,
552 3342 672 3417 lectule,
685 3339 778 3423 major
791 3339 842 3401 ubi
857 3352 902 3400 est
913 3338 935 3400 ?'

170 3438 252 3512 Quid
270 3438 396 3501 faciam?
441 3438 515 3512 Quo
530 3438 591 3499 sola
606 3436 701 3499 ferar?
747 3434 842 3496 Vacat
856 3435 950 3497 insula
962 3435 1055 3498 cultu.

213 3533 283 3596 Non
298 3534 448 3597 hominum
464 3535 561 3611 video,
576 3554 635 3595 non
649 3554 706 3615 ego
720 3531 797 3594 saeta
809 3532 910 3593 boum.
