2634 4259
607 394 716 443 mnan
738 393 796 457 xv.
1039 385 1042 390 “
1124 389 1184 448 147

211 539 378 624 Tyndaris:
402 555 433 604 et
448 563 559 623 secum,
574 564 627 605 cur
641 543 678 604 sit
691 543 736 605 bis
750 557 844 626 rapta,
854 541 988 626 requirit.

211 638 348 723 Tempus
363 639 443 702 edax
457 660 565 717 rerum,
581 654 684 724 tuque,
698 640 842 703 invidiosa
855 654 994 719 vetustas,
1039 709 1043 713 ,
1127 644 1187 703 170

212 734 321 802 Omnia
335 726 499 800 destruitis:
524 734 682 821 vitiataque
698 738 834 802 dentibus
848 738 903 801 aevi

211 831 361 895 Paulatim
375 833 457 896 lenti
470 820 640 897 consumitis
655 836 754 897 omnia
768 847 874 897 morte.
896 914 900 919 .

253 927 303 991 Ne
318 944 418 994 tamen
432 930 529 993 oblitis
544 931 582 993 ad
595 946 706 993 metam
721 932 842 993 tendere
856 932 944 1013 louge

212 1024 423 1109 Exspatiemur
436 1028 538 1111 equis3
560 1029 681 1104 coelum,
696 1042 727 1091 et
741 1029 939 1112 quodcunque
953 1027 1008 1090 sub
1023 1028 1073 1091 illo
1087 1043 1143 1104 est,

211 1121 352 1186 Immutat
368 1123 485 1201 somnes,
500 1125 658 1207 tellusque,
672 1139 703 1187 ct
717 1126 855 1210 quicquid
870 1126 901 1189 in
915 1126 971 1189 illi
980 1139 1036 1188 est.
1126 1130 1187 1189 175

211 1216 276 1281 Nos
291 1208 409 1303 qu'oque
424 1243 491 1304 pars
506 1222 620 1299 mundi,
637 1222 790 1307 (quoniam
806 1244 865 1286 non
878 1244 1004 1307 corpora
1017 1224 1122 1299 sotum,

213 1314 429 1380 Verum-etiam
445 1320 580 1384 volucres
595 1320 698 1383 annuae
713 1341 826 1397 sumus,
839 1320 929 1405 inque
943 1320 1049 1383 ferinas

211 1412 374 1480 Possumus
387 1416 429 1500 ire
444 1416 560 1493 dunos,
573 1417 782 1500 pecudumque
796 1418 964 1500 inpectora
976 1415 1106 1503 condi)⁴

130 1560 137 1567 .
211 1509 357 1594 Corpora,
372 1534 436 1597 qua
452 1513 564 1596 possint
578 1514 690 1575 animas
704 1514 843 1577 habuisse
855 1529 1022 1598 parentum,

211 1608 275 1695 Aut
288 1607 419 1687 fratrum,
429 1624 485 1683 ,aut
499 1610 597 1695 aliquo
607 1610 779 1695 junctorum
793 1610 906 1682 loedere
920 1612 1015 1689 nobis,
1054 1664 1059 1671 .
1107 1614 1186 1675 1180

213 1705 276 1767 Aut
291 1696 548 1784 homiuum'certe‚
565 1722 627 1771 tuta
641 1729 708 1771 esse
723 1723 752 1771 et
768 1710 892 1772 honesta
906 1710 1052 1774 emmaus:
1116 1770 1120 1775 ,

210 1798 298 1863 Neve
313 1800 480 1885 Thyesteis·
489 1805 675 1867 cumulemur
689 1806 802 1869 viscera
814 1806 935 1889 mensis.

210 1896 314 1972 Quam
329 1899 406 1961 male
421 1901 598 1977 consuescit,
614 1902 703 1983 quam
715 1922 750 1962 se
765 1915 848 1983 parat
862 1901 912 1964 ille
926 1904 1022 1965 cruori

208 1993 323 2078 lmpius
338 1996 478 2073 humano,
494 1997 576 2067 vituli
592 1998 641 2080 qui
655 2011 772 2078 gutmra
786 1998 881 2060 cultro

210 2090 358 2176 Rumpit3
379 2106 411 2155 et
426 2082 561 2157 immotas
576 2093 689 2178 praebet
701 2094 859 2177 mugitibus
874 2096 977 2160 aures!
1126 2099 1186 2161 185

209 2189 274 2251 Aut
288 2190 338 2272 qui
353 2190 466 2272 vagitus
481 2192 589 2254 similes
605 2191 765 2275 puerilibus
780 2190 898 2255 hedum

209 2285 359 2349 Edentem
370 2286 506 2371 jugulare
522 2302 637 2371 potest3
658 2305 711 2351 aut
724 2290 792 2354 alite
808 2291 899 2367 vesci,

169 2370 171 2375 ¹
209 2381 270 2445 Cui
285 2383 366 2465 dedit
382 2385 444 2467 ipse
459 2380 560 2449 cibo's!
584 2399 728 2468 quantum
741 2400 796 2463 est,
811 2382 890 2469 quod
905 2387 982 2451 desit
994 2388 1024 2450 in
1039 2389 1100 2451 istis

193 2507 197 2515 Χ
210 2480 261 2541 Ad
277 2481 398 2563 plenum
414 2480 541 2545 lacinus!
566 2482 624 2565 qud
639 2482 776 2544 transitus
791 2482 860 2545 inde
879 2485 1013 2567 paratur!

253 2574 316 2640 Bos
332 2592 405 2655 aret,
420 2592 472 2641 aut
486 2594 610 2641 mortem
625 2578 787 2642 senioribus
801 2580 929 2664 imputet
941 2583 1041 2645 annis:
1095 2580 1100 2587 ’
1124 2584 1185 2647 190

159 2718 166 2746 1,
209 2672 394 2737 Horrilerum
407 2658 509 2741 contra
522 2675 641 2739 Borean
656 2676 721 2737 ovis
735 2698 816 2739 arma
829 2677 991 2741 ministret:

138 2804 141 2817 ·
208 2770 311 2833 Ubera
326 2772 397 2834 dent
410 2784 513 2835 saturae
528 2772 663 2835 manibus
678 2774 838 2856 pressanda
851 2776 984 2858 capelle.

208 2866 298 2929 Retia
313 2889 382 2931 curn
397 2869 520 2956 pedicis,
534 2870 715 2953 laqueosque
730 2884 866 2954 artesque
882 2872 998 2935 dolosas

128 2968 137 2978 '
208 2963 337 3026 Tollite:
361 2986 416 3027 nec
433 2966 581 3027 volucrem
597 2966 709 3028 viscatis
721 2964 812 3029 fallite
828 2967 926 3049 virgi:

208 3060 239 3123 N
241 3082 276 3125 ec
288 3060 450 3124 formidatis
464 3082 567 3125 cervos
581 3062 722 3124 includite
736 3062 849 3146 pinnis:
1124 3068 1183 3128 195

208 3155 238 3219 N
241 3178 276 3219 ec
290 3159 386 3221 celate
400 3158 472 3221 cibis
486 3180 578 3221 uncos
594 3156 745 3221 fallacibus
760 3157 874 3223 hamos.
900 3204 904 3209 -

208 3252 341 3332 Perdite,
352 3256 375 3317 si
387 3277 444 3338 qua
454 3268 561 3318 nocent
573 3277 580 3317 :
604 3254 707 3317 verum
719 3256 783 3319 hac
794 3277 912 3340 quoque
928 3256 1041 3339 perdite
1057 3258 1182 3322 tantiam.

208 3348 272 3413 Ora
287 3366 393 3415 vacent
409 3352 513 3435 epulis,
529 3352 726 3442 alimentaque
741 3374 871 3433 congrua
884 3351 1054 3436 carpant.'''
1088 3330 1128 3414 's
