2634 4259
624 370 733 448 urnae
749 384 770 434 1.

207 530 347 615 lugentes
361 533 461 596 animo
476 546 507 595 et
521 532 621 616 dignas
636 532 715 596 Jove
728 533 857 620 concipit
866 532 944 610 iras3

135 676 139 683 -
208 627 433 713 Consiliumque
449 644 545 704 vocat·
589 629 703 693 Tenuit
717 652 799 695 mora
812 630 893 693 nulla
908 642 1038 694 vocatos.

251 725 308 789 Est
323 727 370 788 via
383 716 615 803 sublimia-cralo
629 726 784 791 manifesta
802 748 924 794 sereno:
963 755 966 761 ·

208 821 322 899 Lactea
331 845 442 901 nomen
456 824 564 901 haben
585 824 715 887 candore
728 824 864 887 notabilis
874 823 950 907 ipso.
1036 820 1042 829 ’
1154 868 1158 873 -

87 983 93 991 ,
209 918 278 982 Hac
293 921 348 984 iter
362 935 408 983 est
422 921 535 1005 superis
551 920 588 983 ad
602 921 702 1003 magni
716 934 795 985 tecta
809 920 965 997 Tonantis,
1121 922 1182 984 170

209 1014 415 1101 Regalemque
431 1018 563 1080 domum.
606 1016 727 1081 Dextri
739 1017 873 1101 laevique
888 1018 1020 1101 deorum„

208 1112 295 1185 Atria
308 1115 449 1179 nobilium
464 1115 556 1177 valvis
570 1114 756 1177 celebrantur
770 1114 899 1197 apertis,

208 1208 300 1273 Plebs
314 1212 445 1275 habitant
459 1211 573 1275 diversa
587 1211 671 1273 locis.
715 1211 745 1273 A
760 1210 853 1275 fronte
874 1224 1011 1296 potentes

208 1306 371 1389 Coeliqolae,
386 1308 514 1393 clalique
529 1330 596 1372 suos
608 1308 737 1392 postadre
744 1322 885 1392 penates.
974 1359 976 1362 .

208 1402 268 1467 Hic
282 1405 365 1467 locus
380 1419 442 1484 est3
462 1420 563 1489 quem,
579 1406 603 1480 si
618 1406 852 1469 verbis-audacia
866 1406 961 1495 detur,
1120 1406 1182 1469 175
1230 1474 1233 1479 ,

208 1500 298 1570 Haud
314 1503 434 1565 timeam
449 1502 547 1585 magni
562 1502 672 1565 dixisse
687 1502 804 1565 Palatia
814 1502 896 1566 ooeli.

251 1598 333 1682 Ergo
347 1600 397 1662 ubi
411 1621 582 1663 marmoreo
589 1600 690 1683 superi
703 1599 809 1662 seddre
823 1620 952 1676 recessu,

207 1694 325 1759 Celsior
338 1696 402 1779 ipse
416 1697 492 1773 loeo,
507 1711 683 1781 sceptroque
698 1697 817 1767 innixus
831 1697 953 1773 eburno,

207 1792 379 1855 Terrifioam
394 1793 497 1877 capitis
512 1794 658 1857 concussit
669 1807 773 1876 terque
789 1806 949 1877 quaterque

207 1888 387 1966 Caesariem3
408 1911 478 1951 cum
493 1888 553 1971 qud
571 1903 690 1965 terram,
704 1908 796 1966 mare,
810 1889 915 1965 sidera,
929 1888 1032 1969 movit.
1121 1888 1183 1951 180

207 1984 331 2048 Talibus
345 1986 414 2048 inde
429 1986 524 2059 modis
539 2006 590 2049 ora
604 1986 783 2067 indignantia
796 1985 900 2048 solvit:
931 1971 945 2027 .'

1 2088 7 2093 ’
126 2116 129 2121 ·
208 2081 296 2146 ‘Non
311 2105 368 2165 ego
382 2106 436 2167 pro
451 2082 554 2148 mundi
563 2104 660 2165 ‚regno
674 2081 767 2165 magis
782 2082 887 2147 anxius
901 2080 954 2145 illa
992 2158 995 2162 ¹

194 2178 402 2263 ¹Tempestate
418 2179 469 2257 sui,
486 2179 546 2263 qud
559 2195 679 2243 centum
696 2180 819 2263 quisque
834 2179 976 2263 parabant

112 2273 114 2278 ’
210 2274 331 2367 [njioere
346 2277 546 2361 anguipedum
560 2277 681 2360 ,captivo
695 2278 815 2339 brachia
828 2277 918 2340 coelo.

207 2371 299 2451 Nam,
312 2395 478 2461 quanquam
490 2372 567 2435 serus
579 2374 671 2439 bostis
681 2388 755 2450 erat,
766 2387 866 2436 tamen
877 2372 950 2436 illud
960 2372 998 2435 ab
1007 2394 1069 2435 uuo
1084 2432 1086 2436 ,
1120 2374 1182 2461 185

112 2524 116 2533 .
207 2468 354 2553 Corpore,
370 2484 456 2533 etex
470 2469 531 2532 unia
545 2470 694 2554 pendebat
710 2471 820 2552 origine
834 2470 957 2532 bellum.

207 2563 298 2629 Nunc
306 2568 395 2661 mihi,
411 2567 471 2657 qua}
484 2580 579 2631 totum
594 2566 712 2629 Nereus
725 2567 919 2630 cinnumtonat
932 2567 1046 2643 orbem,
1131 2556 1135 2563 ¹

207 2662 400 2739 Perdendum
415 2665 537 2728 mortale
552 2686 657 2749 genus.
701 2665 763 2728 Per
778 2665 900 2727 flumin'a
909 2663 984 2749 juro

196 2757 317 2838 «Insere,
331 2762 386 2823 sub
400 2762 482 2824 terris
497 2760 601 2845 Stygio
616 2762 745 2825 labentia
762 2762 841 2838 luco,

208 2854 329 2921 Cuncta
342 2858 422 2943 priris
437 2871 564 2921 tentata:
587 2859 640 2921 sed
655 2858 871 2921 immedicabile
886 2858 992 2920 vulnus
1123 2859 1184 2922 190

208 2940 293 3017 Ense
307 2955 509 3031 recidendum,
522 2976 561 3016 ne
576 2976 642 3038 pars
657 2956 772 3017 sincera
785 2954 925 3017 trahatur.

209 3050 286 3117 Sunt
300 3051 371 3113 mihi
386 3050 529 3128 Semidei,
543 3065 611 3113 sunt
625 3052 734 3115 rustica
747 3049 1070 3135 numinaNymphqe„

208 3147 378 3233 Faunique,
392 3148 561 3234 Satyrique,
577 3163 608 3211 et
622 3150 787 3212 monticolae
804 3148 932 3212 Silvani:
950 3182 986 3227 f·
1025 3209 1030 3218 ,
1058 3195 1067 3219 ,

183 3268 186 3275 ’
210 3244 297 3319 Quos
312 3248 450 3331 quoniam
465 3246 534 3311 ooeli
549 3246 681 3311 nondum
697 3247 851 3329 dignamur
865 3246 1001 3332 honore,
1034 3288 1040 3312 ι

193 3341 296 3415 ’Quas
311 3345 456 3422 dedimus,
466 3344 548 3409 oert'e
563 3358 654 3413 terras
668 3341 799 3409 habitare
810 3343 949 3405 sinamus.
1124 3342 1185 3406 195
1246 3368 1251 3378 ·

175 3492 182 3511 ,
209 3441 261 3502 An
276 3440 355 3519 satis,
370 3464 389 3510 o
402 3443 512 3531 superi,
526 3454 604 3505 tutos
618 3441 680 3509 sore
694 3441 813 3505 creditis
827 3439 901 3516 illos,

210 3525 293 3601 Cim
307 3534 390 3617 mihi,
406 3532 457 3625 qui'
469 3538 592 3618 fulmen,
608 3540 657 3623 qui
673 3560 726 3601 voe
738 3537 905 3619 habeoque,
919 3555 1063 3619 rogoque,¹
