2634 4259
180 400 242 462 150
493 408 839 459 uurnntonrnosnon

176 553 218 617 Et
233 555 416 618 Diomedeos
430 554 543 619 AEneas
559 557 672 640 fugerat
686 577 783 620 enses.
1305 583 1310 688 q

175 650 298 713 Talibus
314 653 391 715 hanc
406 653 536 735 genitor:
561 654 650 722 ‘Sola
664 644 861 737 insuperabile
876 654 979 732 fatum,
1076 658 1154 722 -260

174 745 263 825 Nata,
280 769 400 812 movere
415 753 520 833 paras?
543 752 632 814 intres
647 752 719 813 licet
732 752 796 835 ipsa
809 750 951 814 Sororum
1005 794 1010 800 -
1084 745 1088 754 *
1126 777 1133 789 ²

119 853 132 893 -’
174 844 271 921 Τροία
286 848 384 925 trium,
400 870 503 911 cernes
518 848 577 911 illic
591 850 743 911 molimine
758 862 841 911 vasto

173 940 225 1003 Ex
241 964 308 1020 aere,
324 957 354 1005 et
367 944 461 1007 solido
474 967 572 1008 rerum
587 946 728 1007 tabularia
741 944 834 1008 ferro:
852 991 855 996 -
901 946 904 951 ’
1006 978 1011 983 ·

173 1036 252 1112 Qure
267 1061 366 1125 neque
380 1062 555 1104 concursum
569 1042 649 1119 caeli,
663 1062 762 1126 neque
776 1040 905 1103 fulminis
919 1042 1004 1119 iram,
1028 1108 1037 1112 ,
1148 1092 1161 1109 .

173 1134 240 1198 Nec
254 1130 391 1199 metuunt
404 1138 478 1200 ullas
493 1152 557 1201 tuta
571 1153 659 1223 atque
676 1151 784 1201 aetema
798 1140 909 1201 minas.
1085 1140 1150 1204 265

172 1230 310 1295 Invenies
326 1234 384 1296 illic
399 1234 490 1297 incisa
504 1236 660 1298 adamante
676 1235 799 1318 perenni

173 1326 249 1392 Fata
262 1331 305 1393 tui
320 1332 451 1413 generis:
475 1332 627 1416 legi-ipse,
638 1333 796 1416 animoque
810 1332 921 1409 notavi,-
938 1348 941 1351 ’

172 1425 214 1489 Εῑ
227 1427 369 1491 reseram:
393 1450 430 1491 ne
444 1430 483 1491 sis
498 1428 658 1493 etiamnum
672 1430 772 1511 ignara
789 1428 888 1491 futuri.

172 1522 232 1587 Hic
245 1546 298 1587 sua
313 1527 474 1609 complevit
491 1526 646 1611 (pro-quo,
662 1525 826 1610 Cytherea,
840 1524 972 1610 laboras)

171 1619 334 1705 Tempora,
349 1621 498 1705 perfectis,
514 1644 586 1706 quos
600 1637 683 1685 terrae
699 1622 810 1699 debuit,
825 1622 918 1685 annis.
937 1648 942 1653 ·
1082 1624 1148 1686 eto

171 1716 215 1780 Ut
229 1718 305 1781 deus'
318 1718 440 1781 accedat
453 1718 542 1795 coelo,
559 1718 736 1802 templisque
749 1719 873 1796 colatur,

170 1812 221 1875 'l'u
236 1813 337 1893 facies,
352 1829 498 1899 natusque
512 1836 593 1893 suus,
608 1816 658 1898 qui
673 1816 799 1879 nominis
814 1816 917 1893 haeres,

170 1910 347 1996 Impositum
363 1912 436 1976 feret
451 1912 542 1976 Urbis
556 1936 640 1991 onus,
655 1913 783 1997 caesique
798 1914 928 1997 parentis

171 2007 235 2073 Nos
248 2008 278 2072 in
293 2010 372 2073 bella
385 2032 453 2076 suos
468 2010 639 2075 fortissimus
653 2010 731 2073 ultor
744 2009 875 2073 habebit.
993 2040 998 2045 ·

169 2104 251 2170 Illius
265 2107 402 2190 auspiciis
417 2108 542 2171 obsessae
559 2108 670 2170 moenia
684 2126 791 2190 pacem
1032 2149 1036 2155 .
1081 2109 1147 2171 275

171 2201 261 2265 Victa
275 2217 380 2287 petent
393 2200 536 2266 Mutine:
558 2201 712 2265 Pharsalia
725 2203 833 2265 sentiet
847 2202 942 2281 illum,

141 2326 146 2329 ·
169 2298 381 2384 AEmathidque
396 2299 501 2363 iterum
515 2298 670 2363 madefacti
684 2298 767 2362 caede
781 2298 932 2383 Philippi:

171 2394 213 2459 Et
227 2394 375 2479 Magnum
390 2396 497 2461 Siculis
512 2385 619 2460 nomen
631 2396 817 2479 superabitur
826 2396 930 2459 undis:

170 2492 361 2579 Romanique
376 2494 459 2557 ducis
473 2493 585 2579 conjux
600 2493 755 2577 AEgyptia,
770 2493 852 2556 tedas
952 2502 956 2509 '

170 2588 240 2652 Non
254 2590 333 2653 bene
346 2590 408 2667 fisa,
422 2591 527 2654 cadet:
550 2588 715 2674 frustraque
728 2590 784 2653 erit
797 2589 847 2653 illa
860 2589 980 2666 minata,
1036 2616 1039 2619 ⁴
1082 2589 1145 2653 980

169 2685 323 2750 Servitura
336 2709 389 2749 suo
404 2686 552 2771 Capitolia
567 2700 666 2749 nostra
682 2686 820 2771 Canopo.

169 2781 254 2856 Quid
270 2784 321 2847 tibi
336 2784 520 2863 Barbariem‚
535 2798 639 2867 gentes
653 2786 691 2847 ab
705 2799 830 2868 utroque
839 2784 974 2869 jacentes

113 2908 116 2913 ·
168 2879 304 2959 Oceano,
319 2884 494 2947 numerem?
539 2881 751 2968 Quodcunque
765 2882 924 2945 habitabile
938 2880 1026 2944 tellus

169 2978 310 3057 Sustinet,
326 2980 412 3065 hujus
427 2980 498 3044 erit:
522 2994 630 3064 pontus
645 3001 765 3065 quoque
779 2981 887 3043 serviet
900 2979 952 3042 illi.
1182 3066 1186 3069 ῃ

169 3075 250 3139 Pace
266 3077 441 3156 cataronis,
457 3078 586 3140 animum
602 3078 639 3141 ad
653 3077 750 3140 civilia
772 3091 867 3140 vertet
1080 3075 1145 3139 285

167 3172 188 3235 J
190 3194 241 3259 urp
255 3195 352 3250 suum,
367 3175 508 3257 legesque
523 3173 596 3235 feret
606 3174 783 3257 justissimus
797 3187 915 3237 auctor:
1303 3163 1307 3258 l

169 3269 379 3354 Exemploque
394 3292 448 3333 suo
462 3291 559 3333 mores
573 3281 673 3352 reget:
695 3270 785 3353 inque
800 3270 888 3332 finiri
1304 3263 1305 3270 '

169 3365 327 3449 Temporis
341 3380 468 3445 etatem,
484 3379 733 3449 venturorumque
746 3380 901 3450 nepotum,

169 3463 367 3547 Prospiciens,
382 3463 496 3548 prolem
510 3462 613 3527 sancti
627 3463 666 3525 de
679 3461 807 3548 conjuge
821 3477 922 3526 natam

168 3560 261 3623 Ferre
276 3561 361 3623 simul
377 3581 544 3644 nomenque
560 3580 646 3623 suurn
660 3581 805 3647 curasque
816 3561 942 3647 jubebit.
1080 3562 1144 3625 29⁰
