2634 4259
503 166 585 271 s

176 394 238 454 170
411 397 614 497 nauffinna·
636 397 812 451 EPISTOLA
835 395 910 449 XIII.

174 548 254 613 Inter
268 550 348 612 mille
363 563 440 613 rates
454 564 505 613 tua
519 550 557 629 sit
570 550 726 615 millesima
740 549 860 632 puppis,
950 542 960 559 ⁹

215 646 343 730 Jamque
359 646 491 728 fatigatas
505 647 608 709 ultima
623 659 721 709 vemet
736 666 838 729 aquas.

175 741 244 807 Hoc
259 762 377 826 quoque
392 740 580 826 praemoneo&
604 743 642 804 de
657 763 734 804 nave
749 741 926 804 novissimus
940 742 1001 803 exi.
1113 739 1160 801 95

217 839 287 903 Non
302 854 357 916 est,
373 840 432 923 qud
448 861 598 924 properes,
614 854 692 901 terra
705 852 829 921 paterna
845 838 906 900 tibi.

174 935 256 1000 cum
272 937 383 1014 venies,
398 958 539 1020 remoque
554 957 642 997 move
658 936 784 1019 veloque
799 935 947 1011 carinam3

216 1032 311 1116 Inque
326 1046 378 1096 tuo
392 1034 521 1095 celerem
535 1034 632 1095 littore
646 1034 716 1095 siste
731 1032 867 1114 gradum.

139 1172 141 1178 ·
175 1129 237 1193 Sed
251 1140 303 1192 tua
316 1117 466 1193 cur'nobis
481 1131 595 1213 pallens
610 1130 737 1197 occurrit
750 1129 869 1210 imago?
918 1115 927 1131 ⁹

218 1224 284 1289 Cur
299 1226 380 1288 venit
394 1248 412 1289 a
427 1226 522 1288 verbis
537 1225 631 1288 multa
645 1226 767 1308 querela
781 1213 859 1287 tuis?
1095 1226 1161 1286 100

177 1321 322 1384 Excutior
336 1344 459 1398 somno;
480 1322 694 1405 simulacraque
708 1321 803 1384 noctis
818 1322 918 1398 adoro,

219 1418 310 1482 Nulla
323 1432 403 1482 caret
418 1418 500 1481 sumo
509 1417 667 1481 Thessalis
683 1440 731 1481 ara
745 1440 824 1482 meo.

176 1514 282 1577 Thura
296 1516 410 1591 damus,
425 1516 646 1599 lacrymamque
661 1515 769 1598 supin
793 1514 852 1598 quit
865 1536 966 1597 sparsa
979 1514 1104 1590 relucet,

218 1610 264 1674 Ut
277 1613 353 1674 solet
367 1610 472 1673 adsuso
486 1612 605 1693 §urgere
620 1612 741 1673 flamma
755 1634 847 1693 mem.
861 1622 864 1627 '

178 1706 247 1771 Hoc
263 1729 391 1791 quoque,
408 1707 487 1790 qudd
504 1708 583 1769 venti
598 1708 756 1791 prohibent
772 1710 854 1770 exire
868 1709 995 1785 carinaa‘
1097 1710 1161 1771 105

220 1802 275 1867 Me
289 1818 407 1867 movet:
431 1804 528 1866 invitis
543 1805 583 1867 ire
599 1806 707 1888 paratis
722 1806 816 1889 aquia
864 1803 866 1806 ’
1105 1788 1109 1799 ’

178 1899 258 1976 Quis
273 1902 343 1987 v'qlit
357 1902 387 1963 in
403 1902 527 1984 paulam
542 1916 633 1965 vento
648 1902 824 1985 prohibente
838 1902 969 1965 reverti?

194 2029 201 2042 ·
221 1998 252 2061 A
267 1988 366 2082 patrii
376 1999 482 2081 pelago
498 1998 564 2071 vela
580 2012 699 2061 vetante
714 1999 801 2061 datis.
941 1986 946 1995 ’

180 2094 249 2178 Ipse
263 2116 346 2157 suam
361 2117 419 2156 non
434 2095 545 2177 praebet
559 2094 614 2157 iter
629 2094 789 2178 Neptunus
803 2096 842 2159 ad
856 2097 971 2159 urbem.

223 2187 296 2262 Qut
310 2188 411 2249 ruitis?
456 2185 579 2249 Vestras
595 2189 718 2270 quisque
734 2189 828 2250 redite
850 2190 975 2253 domos.¹
1098 2189 1164 2253 110

180 2283 255 2360 Qud
269 2284 360 2361 ruitiS,
375 2283 495 2346 Danai?
541 2282 657 2346 Ventos
672 2284 772 2346 audite
789 2299 934 2348 vetantes.

223 2380 292 2444 Non
308 2381 395 2443 subiti
409 2380 505 2457 castis,
520 2372 652 2453 nutninia
662 2382 718 2443 ista
732 2378 821 2445 mora
831 2397 886 2445 est.

89 2526 98 2543 .
180 2475 265 2552 Quid
281 2479 390 2562 petitur
404 2492 495 2553 tanto,
510 2478 566 2540 nisi
580 2480 674 2561 turpis
688 2480 831 2557 adultera,
845 2481 944 2543 bello?

223 2572 306 2637 Dum
322 2575 402 2651 licet,
418 2574 544 2637 Inachiae
559 2576 666 2639 vertite
682 2576 749 2637 vela
763 2591 851 2649 rates.

181 2669 243 2731 Sed
259 2671 328 2752 quid
343 2692 399 2752 ego
414 2690 522 2731 revoco
537 2671 621 2732 hec?
665 2670 767 2734 Omen
782 2674 947 2737 revocantis
957 2662 1075 2752 abesto,
1100 2676 1166 2738 115

223 2764 399 2850 Blandaque
413 2766 591 2849 compositas
606 2786 677 2829 ama
691 2770 836 2833 secundet
848 2793 950 2855 aquas.

180 2858 297 2925 Ultima
310 2864 448 2929 mandato
462 2864 616 2926 claudetur
630 2864 756 2947 epistola
771 2888 882 2949 parvm

198 2984 203 2994 ·
225 2958 278 3021 ‘Si
292 2961 345 3023 tibi
359 2982 430 3025 cura
443 2962 514 3040 mei,
529 2962 566 3026 sit
580 2960 633 3027 uni
647 2982 720 3027 cura
734 2963 798 3025 tui.’
