2634 4259
600 368 709 419 LIBER
723 366 744 419 1.

182 518 268 584 Cura
282 518 346 583 dei:
369 478 554 602 totidemque
569 521 662 603 plage
676 520 780 582 tellure
794 532 976 602 premuntur.

73 636 76 641 '
159 608 163 615 ’
184 617 322 692 Quarum
337 640 404 702 quae
415 617 583 694 mediaest,
598 639 658 679 non
672 631 717 679 est
731 615 895 680 habitabilis
910 628 998 677 aestu:

183 712 248 777 Nix
261 715 334 796 tegit
347 716 407 777 alta
421 714 512 779 duas:
535 714 658 777 totidem
672 714 748 775 inter
760 728 916 797 utrumqne
929 712 1055 788 locavit3
1113 714 1155 773 50

181 811 440 897 Temperiemqua
452 812 544 889 dedit,
558 810 655 873 mixte
667 833 737 873 oum
751 810 856 892 frigore
871 808 1002 871 flammi.

183 909 322 973 ImmInet
336 910 381 973 his
397 913 463 972 ae‘r:
487 900 547 993 qui,
562 906 673 993 quanti)
688 922 732 989 est
747 908 878 992 pondere
892 921 975 969 terre
1087 978 1091 983 ,

184 1004 405 1090 Pondus'aquae
419 1006 524 1084 levius,
538 1006 621 1069 tanti)
636 1019 682 1067 est
694 1002 843 1068 onerosior
856 1004 927 1087 igni.

183 1103 249 1167 Illic
263 1118 294 1167 et
306 1104 440 1181 nebulas,
460 1104 520 1167 illic
534 1103 694 1167 consistere
706 1103 800 1165 nubes

183 1201 287 1279 Jussit',
302 1216 332 1265 et
347 1202 498 1264 humanas·
504 1214 619 1264 motura
633 1201 759 1265 tonitrua
773 1214 899 1292 mentes,
1107 1196 1156 1260 '55
1190 1276 1194 1281 ὓ

183 1298 226 1361 Ει
240 1322 310 1362 oum
324 1278 494 1362 tidminilius
504 1284 659 1363 facientes
664 1298 769 1381 nigore
784 1312 900 1360 ventos.
1193 1308 1200 1317 '

181 1390 241 1458 His
247 1392 375 1480 quoque
390 1418 450 1459 non
465 1396 575 1501 passim
589 1396 701 1457 mundi
706 1392 861 1460 fabricator
874 1394 1043 1457 habendum

183 1495 265 1556 Ae'ra
279 1494 422 1577 permisit.
468 1492 561 1556 Vix
545 1514 624 1555 nunc
639 1493 787 1555 obsistitur
801 1493 866 1569 illis,

183 1568 266 1653 cum
280 1612 333 1653 sua
348 1592 471 1675 quisque
486 1605 612 1679 regant
603 1576 720 1653 diverso
735 1590 853 1653 flamina
866 1604 972 1666 tractu,

86 1752 89 1759 Ι
183 1686 269 1760 Quin
283 1688 394 1751 lanient
408 1689 569 1765 mundum3
590 1672 677 1751 tanta
686 1702 732 1750 est
740 1686 891 1751 discordia
905 1687 1036 1757 frattrnn
1114 1686 1158 1749 60

174 1782 282 1847 ¹Eurus
297 1786 335 1848 ad
349 1785 506 1861 Auroram,
512 1784 743 1869 Nabathaeaque
758 1807 849 1868 regna
861 1785 994 1863 recessit,

69 1945 72 1951 ,
183 1868 386 1971 Persidaque,
392 1894 431 1944 et
438 1881 548 1945 radiis
536 1902 608 1987 juga
614 1882 740 1949 subdita
753 1882 914 1944 matutinis.

184 1976 313 2062 Vesper,
329 1992 361 2041 et
374 1978 501 2041 occiduo
518 1980 631 2067 que
596 1976 695 2039 littora
708 1978 770 2040 sole
785 1992 953 2061 tepescunt,

182 2074 326 2137 meima
339 2088 408 2139 sunt
422 2074 586 2158 Zephyro:
610 2054 765 2159 Scythiam
781 2074 965 2161 Septemque
980 2077 1105 2139 tn'onem

182 2171 318 2237 Horriser
332 2172 437 2235 inv'asit
451 2170 583 2249 Boreas3
604 2172 749 2235 contraria
763 2173 850 2235 telius
909 2179 915 2185 ’
1115 2176 1158 2239 65

183 2268 321 2332 Nubibus
336 2269 474 2347 adsiduis,
489 2270 649 2354 pluvioque
664 2270 806 2333 madescit
822 2270 860 2333 eb
875 2271 996 2337 Austro.
1045 2343 1052 2351 ,

183 2365 259 2428 Haeo
274 2386 364 2450 super
378 2366 517 2450 imposuit
530 2367 674 2451 liquidum
690 2381 720 2430 et
734 2368 877 2450 gravitate
891 2372 1042 2432 carentem

184 2462 320 2540 AEthera,
335 2484 392 2526 nec
407 2464 567 2548 quidquam
583 2479 706 2527 terrene
721 2463 798 2537 fecis
814 2465 985 2529 habentem.

229 2560 292 2624 Vix
307 2582 342 2622 ea
356 2559 495 2625 limitibus
510 2562 685 2654 dissepserat
699 2562 797 2626 omnia
811 2563 918 2640 certii3

184 2657 276 2734 cum,
292 2680 355 2742 quae
370 2679 471 2742 pressa
485 2650 535 2721 diu
550 2680 647 2721 massa
632 2659 773 2723 latuere
787 2660 843 2723 sub
858 2660 918 2739 illa,
1054 2647 1062 2655 ¹
1115 2666 1158 2727 ἰθ

159 2790 166 2801 -
184 2754 289 2823 Sidera
303 2770 459 2839 coeperunt
473 2770 536 2819 toto
551 2756 745 2819 effervescere
760 2759 850 2820 ooelo.

172 2850 254 2913 Neu
269 2854 350 2941 regio
364 2852 438 2915 soret
453 2854 513 2917 ulla
526 2854 585 2916 suis
601 2854 795 2917 animantibus
808 2856 890 2936 orba,

18 3010 25 3017 .
83 2980 88 2985 ’
133 3012 136 3017 Α
183 2948 275 3011 Astra
290 2963 391 3013 tenent
405 2951 527 3013 coeleste
543 2951 649 3028 solum,
663 2951 822 3035 fermeque
838 2952 977 3014 deorum:

184 3046 348 3109 Cesserunt
362 3040 459 3110 riitidis
475 3048 648 3112 habitendae.
653 3048 787 3131 piscibus
796 3048 899 3111 unde:
993 3117 998 3123 ,

183 3142 278 3205 Terra
293 3142 368 3206 seras
383 3144 480 3229 oepit:
504 3145 637 3207 volucres
652 3145 837 3227 agitabilis
809 3149 873 3208 ee‘r.
1114 3152 1157 3212 75

227 3240 362 3303 Sanctius
377 3242 422 3304 his
435 3229 554 3319 animai,
570 3242 737 3325 mentisque
750 3242 890 3331 capacius
906 3244 970 3305 altae

184 3337 299 3401 Deerat
313 3339 419 3416 adhuc,
435 3353 464 3401 et
481 3340 559 3448 quod
575 3339 740 3401 dominari
731 3362 761 3403 ιιι
775 3353 881 3402 cetera
895 3353 1007 3422 posset.

184 3432 281 3501 Natus
296 3435 386 3497 homo
400 3449 462 3498 est:
485 3435 547 3497 sive
563 3436 644 3497 huno
659 3436 758 3498 divino
773 3436 888 3497 semine
902 3435 972 3519 feeit

184 3530 240 3595 Ille
255 3532 357 3619 opifex
371 3554 479 3613 retum,
494 3532 597 3595 mundi
610 3532 739 3597 melioris
753 3532 850 3617 otigo:
