2634 4259
188 392 251 457 158
580 396 772 451 Ennomus.
879 352 883 357 *

186 548 256 613 Non
271 568 328 630 ego
341 569 407 610 sum
421 549 504 626 tanti,
521 547 671 633 (quamvis
683 548 832 624 merearis,
847 546 972 633 inique,)

228 644 273 708 Ut
286 666 402 728 pereas,
417 645 488 707 dum
501 666 550 707 me
566 664 620 727 per
634 642 709 707 freta
722 645 811 725 longa
824 644 910 725 sugis.
1118 645 1164 707 40

186 740 319 803 Exerces
334 742 462 824 pretiosa
475 741 553 817 odie,
567 754 598 803 et
612 741 776 803 constantia
790 760 916 821 magn03

228 837 271 915 Si,
287 836 358 901 dum
372 858 421 899 me
434 859 546 914 careae,
561 838 673 900 esttibi
688 838 745 900 vile
759 834 844 905 mori.

184 932 253 997 Jam
269 934 349 996 venti
363 949 474 1016 ponent
483 956 491 1009 ;
513 934 661 1017 stratique
677 934 826 1016 equaliter
838 931 930 1009 unde,

174 1098 177 1103 ,
226 1029 369 1093 Caeruleis
383 1030 486 1093 Triton
502 1040 557 1115 per
570 1052 650 1093 mare
665 1044 763 1093 curret
777 1032 871 1113 equis.

184 1124 234 1189 Tu
250 1150 367 1211 quoque
382 1149 451 1190 cum
467 1129 560 1189 ventis
576 1128 688 1190 utinam
702 1127 850 1190 mutabilis
864 1124 961 1188 esses!
1116 1128 1161 1189 45

227 1224 279 1300 Et,
294 1226 349 1298 nisi
363 1224 468 1287 duritiei
482 1225 586 1286 robora
601 1224 703 1299 vincis,
720 1222 789 1284 eris.

184 1318 289 1393 Quid?
311 1322 335 1383 si
347 1322 497 1397 nescieris,
512 1321 613 1383 insana
627 1320 697 1404 quid
713 1340 830 1403 equora
844 1319 976 1401 possint?

82 1396 91 1417 ⁶
226 1416 368 1498 Expertae
383 1418 469 1479 toties
484 1416 573 1500 quim
586 1416 664 1478 mate
679 1417 774 1478 credis
789 1417 893 1499 aqua?

183 1509 227 1573 Ut
242 1512 347 1594 pelago
361 1512 503 1574 suadente
518 1511 606 1573 etiam
621 1511 781 1574 retinacula
795 1510 902 1586 solvas,

226 1605 323 1669 Multa
337 1622 435 1677 tamen
451 1609 525 1669 latus
540 1607 631 1685 tristia
645 1620 753 1689 pontus
768 1607 868 1668 habet.
1115 1608 1161 1668 50

183 1700 213 1763 N
215 1724 250 1763 ec
267 1703 390 1765 violdsse
404 1704 493 1765 fidem
508 1704 686 1766 tentantibus
700 1723 818 1787 aequora
831 1703 961 1787 prodest.

226 1798 359 1863 Perfidiae
374 1821 478 1883 poenas
492 1788 585 1881 exigit
599 1800 648 1862 ille
663 1800 756 1862 locus.

182 1892 336 1978 Praecipud
350 1898 419 1957 curn
433 1897 518 1959 lesus
534 1898 644 1960 Amor:
669 1896 737 1979 quie
750 1909 845 1958 mater
859 1895 979 1957 Amoris

225 1990 315 2054 Nuda
331 1991 517 2075 Cytheriacis
531 1993 610 2056 edita
624 1992 715 2056 fertur
728 1988 822 2077 aquis.

183 2087 302 2150 Perdita
316 2110 354 2149 ne
370 2089 607 2171 perdam‘timeo,
621 2110 786 2152 noceamve
801 2090 938 2165 nocenti3
971 2150 974 2155 ,
1112 2091 1156 2151 55

224 2183 293 2246 Neu
308 2176 386 2245 bibet
401 2205 548 2267 equoreas
562 2178 718 2266 naufragus
733 2186 824 2248 hostis
839 2207 940 2268 aquas.

182 2278 271 2355 Vive,
286 2301 405 2363 precor:
428 2282 470 2343 sic
485 2295 515 2342 te
529 2281 645 2359 melitis,
661 2282 750 2365 qudm
764 2281 877 2359 sunere,
892 2282 1025 2366 perdam.
1043 2318 1047 2323 ·

222 2375 270 2437 Tu
287 2377 383 2459 potitis
398 2377 447 2439 leti
462 2399 550 2441 causa
565 2378 658 2441 ferare
674 2378 746 2441 mei.

179 2471 287 2554 Finge,
298 2478 364 2554 age,
380 2488 410 2535 te
425 2474 526 2557 rapido
543 2474 671 2561 (nullum
685 2476 722 2537 sit
735 2477 765 2539 in
780 2476 879 2538 omine
894 2473 1023 2561 pondus)

222 2569 353 2631 Turbine
369 2570 526 2653 deprendI:
551 2572 621 2654 quid
635 2572 687 2634 tibi
702 2573 807 2634 mentis
822 2572 898 2635 erit?
1110 2570 1154 2634 60

178 2664 317 2728 Protinus
331 2680 485 2728 occurrent
499 2666 576 2729 salsae
592 2667 720 2752 perjuria
733 2668 849 2751 lingue,

186 2826 189 2831 ,
222 2760 264 2824 Et
277 2761 410 2845 Phrygiis
424 2762 507 2826 Dido
522 2762 623 2825 fraude
638 2778 742 2827 coacta
755 2766 839 2828 mori.

179 2857 325 2943 Conjugis
339 2875 406 2921 ante
421 2859 522 2921 oculos
537 2860 670 2945 decepte
685 2862 771 2924 stabit
786 2863 883 2944 imago

221 2956 338 3032 Tristis,
354 2970 383 3017 et
398 2956 497 3019 effusis
512 2959 733 3040 sanguinolenta
746 2960 849 3024 comis.
1306 2985 1307 2990 ¹

85 3074 90 3086 ·
179 3050 351 3135 ‘Quicquid
366 3053 394 3115 id
410 3068 465 3129 est,
480 3068 575 3118 totum
589 3057 695 3132 merui,
709 3056 883 3133 concedite,'
900 3055 979 3119 dicas
988 3076 1012 3119 ε·
1107 3056 1152 3118 65
1305 3001 1308 3112 d

222 3149 360 3232 Quaeque
375 3150 493 3227 cadent,
508 3150 536 3212 in
551 3164 582 3212 te
599 3150 719 3215 fulmina
735 3154 822 3216 missa
836 3167 933 3237 putes.

179 3245 230 3307 Da
245 3247 335 3307 breve
349 3246 464 3309 saevitiae
480 3246 607 3329 spatium
623 3250 778 3333 pelagique
793 3249 939 3333 tnaeque3'

223 3340 344 3403 Grande
359 3361 446 3403 morae
463 3341 588 3423 pretium
603 3355 667 3404 tuta
681 3342 778 3405 firtnra
791 3344 840 3405 via
854 3357 909 3406 est.

181 3433 248 3497 Nec
263 3437 334 3498 mihi
348 3450 499 3520 parcatur3
523 3458 614 3519 puero
629 3452 764 3520 parcetur
777 3439 854 3501 luto.

223 3531 272 3619 Te
287 3534 355 3595 satis
370 3548 414 3596 est
428 3533 544 3595 titulum
558 3536 658 3597 mortis
673 3536 781 3598 habere
794 3557 879 3598 mee.
