2634 4259
653 349 761 401 maun
778 351 800 400 1.

237 492 313 569 Qua
327 508 429 558 tamen
444 516 485 558 ex
499 496 554 559 illis
569 497 667 581 aliquo
681 520 748 581 pars
762 498 883 576 humida
895 519 995 577 succo,
1038 578 1042 586 Ι

236 590 278 655 Et
291 607 406 655 terrena
421 592 486 670 fuit,
501 614 585 655 versa
599 607 644 655 est
658 595 689 657 in
701 596 830 677 corporis
843 617 940 657 usum

236 686 329 763 Quod
343 689 470 751 solidum
484 703 538 768 est,
555 691 693 774 flectique
708 692 820 775 nequit,
834 705 963 754 mutatur
976 692 1006 754 in
1020 713 1103 757 ossa·

235 782 328 859 Quod
342 785 433 848 modo
448 808 524 849 vena
538 786 602 865 suit,
617 788 673 851 sub
687 788 794 849 eodem
808 788 926 850 nomine
936 789 1057 878 mpnsit.
1142 791 1207 900 dio
1224 779 1226 784 ’

235 879 328 965 Inque
341 883 425 944 brevi
439 883 543 967 spatio,
557 905 730 967 superorum
743 884 875 961 numine,
887 904 961 947 saxa

235 975 370 1041 Missa
343 1000 396 1041 vm
387 979 545 1041 manibus
562 978 668 1042 faciem
678 980 795 1066 traxere
810 981 950 1043 virilem.

236 1073 277 1137 Et
292 1075 329 1137 de
344 1075 487 1141 soemineo
501 1090 635 1159 reparata
647 1090 694 1139 est
708 1076 852 1141 soemina
838 1091 931 1162 Jactu.

235 1170 308 1234 Inde
323 1194 416 1254 genus
431 1174 536 1235 domm
551 1194 662 1250 sumus,
677 1174 893 1257 experiensque
907 1174 1056 1238 laborum:

236 1266 278 1331 Et
292 1267 470 1333 documenta
484 1269 596 1348 damus,
612 1269 674 1353 quit
686 1270 776 1333 simus
790 1270 901 1353 origine
914 1271 986 1359 nati.
1024 1312 1027 1317 -
1142 1272 1207 1336 415

537 1537 541 1544 ·
579 1514 586 1522 ’
653 1522 794 1567 miron.

659 1705 691 1745 v.
706 1686 780 1747 438.

235 1846 289 1911 illa
304 1850 424 1933 quidem
438 1850 540 1927 nollet,
555 1850 608 1911 sed
622 1859 653 1913 t!
669 1846 797 1934 quoque,
812 1852 941 1914 maxime
955 1852 1089 1935 Python,

234 1943 314 2006 'liun
330 1946 449 2027 genuit:
472 1946 648 2029 populisque
663 1946 757 2022 novis,
772 1947 919 2027 incognita
933 1968 1065 2031 serpeus,

233 2038 344 2103 Terror
358 2061 440 2119 eras3
462 2054 577 2103 tautum
588 2042 677 2125 spatii
692 2041 730 2103 de
745 2055 845 2104 monte
860 2043 992 2122 tenebas.

234 2133 322 2199 Hanc
337 2137 411 2199 'deus
425 2137 600 2215 arcitenens,
614 2151 644 2200 et
658 2160 809 2222 nunquam
824 2138 930 2201 talibus
945 2139 1032 2203 armis

234 2231 326 2309 Ante,
340 2234 395 2300 nisi
410 2233 440 2296 iu
454 2234 546 2296 damis
561 2234 734 2317 capreisque
748 2232 909 2317 firgacibuS,
924 2257 1004 2313 usus,
1142 2238 1206 2300 420

232 2324 318 2389 Mille
333 2350 453 2410 gravem
467 2329 544 2407 telis,
558 2329 705 2392 exhausti
718 2330 796 2413 pene
811 2331 961 2414 pharensi,
1090 2332 1093 2335 ’

233 2422 377 2501 Perdidit,
393 2424 486 2487 effirso
501 2446 556 2507 per
570 2425 691 2487 vulnera
705 2426 788 2507 nigra
801 2447 928 2489 veneno.

233 2519 321 2596 Neve
336 2520 432 2602 operis
447 2520 553 2583 famam
568 2522 659 2604 possit
675 2521 773 2584 delere
789 2536 929 2600 vetustas,

232 2614 360 2691 Instituit
373 2638 470 2679 sacros
485 2618 593 2679 celebri
607 2618 768 2680 certamine
782 2618 878 2695 iudos,

232 2712 355 2795 Pythia,
370 2712 407 2775 de
423 2713 538 2775 domita
553 2713 698 2797 serpentis
711 2715 830 2776 nomine
846 2711 950 2777 dictos.
1142 2717 1205 2781 425

233 2808 290 2871 His
300 2808 444 2894 juvenum
460 2810 627 2894 quicunque
641 2831 742 2888 manu,
756 2811 931 2893 pedibusve,
945 2810 1048 2873 rotave

234 2904 373 2983 Vicerat3
396 2907 525 2969 aesouleae
540 2907 676 2990 capiebat
691 2905 800 2968 frondis
813 2907 967 2969 honorem.

232 3000 374 3065 Nondum
388 3004 487 3065 laurus
501 3015 581 3078 erat3
601 3002 750 3086 longoque
765 3003 902 3065 decentia
915 3003 994 3065 crine

232 3097 384 3182 Tempora
396 3100 532 3183 cingebat
547 3099 585 3161 de
600 3099 732 3183 quanter
746 3098 848 3161 arbore
863 3098 1007 3163 Phoebus.
