2634 4259
151 295 213 357 140
459 266 807 359 lteramonrrrosnon

148 450 322 529 Decertare,
338 452 453 535 placet;
475 453 654 539 Tatiumque
670 456 811 517 accedere
825 477 926 538 regno.
1057 460 1120 523 155

190 548 348 613 Occiderat
362 548 478 627 Tatius,
493 552 668 634 populisque
682 566 796 634 aequata
809 552 933 628 duobus,

148 642 289 723 Romule,
301 644 367 729 jura
382 647 487 709 dabas:
512 647 607 729 positd
620 648 689 709 cirm
703 648 816 710 casside
831 646 951 711 Mavors

148 734 270 803 Talibus
283 742 389 803 affatur
403 742 562 826 divquue
578 743 788 827 hominumque
804 758 973 826 parentem:

149 836 302 919 ‘Tempus
316 838 409 914 adest,
424 839 546 919 genitor,
564 838 717 923 (quoniam
732 838 900 905 fundamine
915 862 1023 923 magno

148 929 213 993 Res
228 932 365 994 Romana
380 934 468 1011 valet,
483 956 539 997 neo
554 935 675 1017 preside
690 935 800 1017 pendet
815 934 940 1020 abono)
1057 937 1120 999 160

87 1026 121 1104 s
147 1026 283 1105 Premia,
298 1050 361 1111 quae
377 1031 518 1113 promissa
531 1030 604 1092 mihi
617 1030 765 1113 dignoque
780 1031 892 1114 nepoti,
966 1093 970 1099 ,

87 1169 92 1186 .
148 1123 282 1201 Solvere,
297 1138 327 1186 et
342 1124 471 1187 ablatum
485 1126 567 1188 terris
582 1126 733 1209 imponere
747 1127 836 1188 coelo.

148 1219 198 1282 Tu
213 1220 284 1283 mihi
299 1222 423 1285 concilio
438 1222 584 1304 quondam
600 1235 743 1305 presente
758 1222 891 1299 deorum,

151 1315 246 1401 (Nam
259 1338 401 1394 memoro,
407 1317 596 1401 ,memorique
612 1318 710 1379 animo
725 1318 774 1399 pia
790 1318 879 1380 verba
893 1317 1007 1403 notavi)

149 1419 169 1450 “
178 1411 265 1475 Unus
280 1414 344 1490 erit,
359 1435 448 1497 quem
462 1426 494 1477 tu
509 1414 594 1475 tolles
608 1414 636 1476 in
651 1414 755 1475 cerula
770 1413 871 1491 coeli,''
1058 1414 1120 1475 165

147 1506 270 1571 Dixisti.
314 1509 395 1571 Rata
408 1510 445 1573 sit
459 1510 614 1573 verborum
628 1530 743 1571 summa
757 1509 895 1571 tuorum!

190 1604 305 1666 Annuit
318 1605 513 1687 omnipotens,
527 1618 558 1665 et
572 1604 698 1667 nubibus
711 1608 780 1667 ae'ra
792 1602 878 1667 oecis

148 1699 299 1777 occuluit,
314 1700 480 1783 tonitruque
495 1712 526 1762 et
540 1698 654 1780 fulgure
670 1700 771 1762 tenuit
785 1699 911 1763 Urbem.

149 1796 226 1869 Quae
239 1797 295 1859 sibi
310 1797 458 1881 promisse
472 1796 562 1858 sensit
577 1796 644 1859 data
657 1796 740 1877 signa
752 1796 871 1879 rapinae,

148 1892 329 1979 Innixusque
345 1894 445 1971 hastae,
460 1914 575 1976 pressos
589 1906 708 1955 temone
722 1906 844 1955 cruento
1032 1918 1036 1925 ·
1059 1894 1121 1954 170

99 2064 102 2071 Α
148 1988 318 2073 lmpavidus
331 1990 501 2053 conscendit
515 2010 607 2073 equos
622 1988 781 2066 Gradivus,
795 2002 826 2050 et
839 1989 900 2052 ictu

150 2082 289 2147 Verberis
304 2086 464 2169 increpuit:
488 2096 671 2170 pronumque
687 2106 741 2168 per
754 2087 822 2155 adra
835 2084 934 2168 lapsus

148 2179 290 2244 Constitit
305 2182 333 2243 in
348 2202 464 2242 summo
478 2181 622 2243 nemorosi
637 2180 713 2243 oolle
728 2179 841 2242 Palati:

149 2274 399 2360 Reddentemque
414 2296 467 2337 suo
478 2274 539 2359 jam
553 2275 634 2358 regia
643 2275 711 2359 jura
725 2274 836 2347 Quiriti

148 2373 280 2435 Abstulit
294 2372 416 2435 Iliaden.
460 2370 579 2456 Corpus
593 2373 716 2436 mortale
731 2392 785 2456 per
800 2392 884 2433 auras
1060 2372 1120 2435 175

149 2468 308 2552 Dilapsum
322 2483 444 2555 tenues:
467 2490 522 2533 ceu
537 2468 598 2531 tart
611 2468 750 2552 plumbea
764 2466 855 2530 sundal

149 2564 244 2629 Missa
257 2567 332 2628 solet
346 2566 444 2627 medio
459 2566 541 2647 glans
555 2566 737 2627 intabescere
751 2566 840 2628 ooelo.

150 2660 280 2724 Pulchra
293 2662 370 2723 subit
385 2660 485 2736 laoieS,
500 2673 530 2722 et
545 2661 743 2743 pulvinaribus
758 2661 823 2723 altis

150 2757 285 2840 Dignior,
301 2771 331 2819 et
346 2757 439 2841 qualis
453 2756 574 2819 trabeati
589 2755 683 2818 forma
696 2755 825 2829 Quirini.

193 2854 301 2918 Flebat
315 2867 349 2929 ut
362 2854 500 2917 amissum
514 2852 642 2937 conjux;
664 2852 733 2915 edm
747 2853 826 2935 regia
839 2851 860 2914 J
861 2874 920 2915 uno
1063 2852 1123 2914 180

151 2952 211 3015 Irin
226 2953 261 3015 ad
278 2952 436 3015 Hersiliam
451 2950 631 3013 descendere
645 2950 739 3012 limite
753 2971 845 3012 curvo

152 3050 299 3133 Imperat:
322 3063 353 3112 et
367 3070 467 3111 vacuae
482 3046 590 3110 suasio
604 3047 743 3109 mandata
757 3045 874 3109 reterre.

135 3132 202 3210 “O
217 3161 248 3209 et
262 3148 299 3209 de
315 3144 412 3223 Latid,
426 3167 445 3207 o
461 3158 491 3207 et
505 3144 543 3205 de
558 3157 645 3226 gente
661 3142 772 3205 Sabini

152 3244 351 3327 Praecipuum,
366 3255 508 3317 matrona,
523 3240 632 3316 decus3
654 3239 822 3321 dignissima
835 3239 912 3303 tanti¹
1111 3321 1114 3325 ι

109 3329 112 3336 ’
153 3341 235 3403 Ante
251 3339 338 3403 luisse
354 3339 417 3415 viri,
432 3336 542 3422 conjux
556 3357 634 3398 nunc
649 3356 714 3397 esse
730 3335 865 3415 Quirini3
1066 3334 1126 3395 185

154 3437 232 3501 Siste
246 3451 311 3503 tuos
326 3438 429 3499 fletus:
453 3448 494 3514 et,
509 3434 533 3497 si
548 3433 600 3497 tibi
613 3454 685 3496 cura
698 3433 816 3497 videndi
