2634 4259
167 386 239 457 156
568 387 761 458 nneomes.

170 546 239 611 Irus*
251 561 352 627 egens,
367 543 542 629 pecorisque
555 544 741 610 Melanthius
754 558 837 608 actor
850 539 968 623 edendi,
986 600 991 605 ,

214 642 346 707 Ultimus
360 640 506 705 accedunt
520 642 548 707 iu
564 656 616 723 tua
628 642 738 707 damna
752 642 858 725 pudor.

171 738 249 803 Tres
263 757 368 801 sumus
378 738 512 801 imbelles
526 760 650 804 numero
664 760 676 815 ;
692 740 756 802 sine
771 738 983 815 viribnsuxor,

214 835 399 920 Laertesque
414 856 518 913 senex,
532 834 795 919 Telemachusque
808 849 893 918 puer:
1030 910 1034 913 ῃ
1049 886 1058 897 ,
1123 884 1127 891 .

170 932 226 999 Ille
240 954 295 1019 per
308 933 426 997 insidias
441 933 519 1016 pene
534 946 580 995 est
593 933 668 997 mihi
679 951 776 1016 nuper
789 933 972 1016 ademptus}

214 1030 298 1095 Dum
313 1044 407 1117 parat,
418 1029 518 1096 invitis
532 1030 679 1108 omnibus,
693 1030 736 1093 ire
750 1029 861 1113 Pylon.

172 1127 215 1192 lh
237 1149 342 1212 precor
356 1128 413 1189 hoo
424 1125 561 1211 jubeant,
574 1141 618 1204 ut,
633 1127 773 1191 euntibus
786 1127 888 1191 ordine
903 1124 979 1207 latis,

214 1225 269 1288 Ille
284 1246 368 1287 meos
382 1224 483 1286 oculos
497 1224 684 1308 comprimat,
699 1224 754 1287 ille
763 1238 840 1286 mos.
927 1242 929 1249 ·

171 1321 241 1387 Hoc
255 1321 367 1385 seciunt
380 1334 541 1403 conosque
555 1321 661 1397 boem,
673 1319 866 1405 longaevaque
879 1319 998 1383 nuum:

213 1417 345 1496 TertiuS,
359 1418 517 1481 immunde
531 1437 606 1479 cure
615 1412 709 1483 fidelis
724 1418 813 1481 hara.

172 1516 234 1580 Sed
249 1538 348 1599 neque
362 1515 499 1591 Laertes,
514 1528 549 1576 ut
563 1514 612 1597 qui
626 1514 665 1577 sit
679 1514 789 1577 inutilis
803 1512 904 1589 armis,

214 1612 359 1677 Hostibus
373 1612 404 1675 iu
418 1611 522 1674 mediis
536 1630 627 1693 regne
640 1622 744 1673 tenere
758 1610 847 1673 valet.
1089 1610 1156 1673 E

171 1708 357 1773 Telemacho
372 1708 472 1771 veniet
490 1706 587 1793 (vivat
600 1705 707 1791 modb)
724 1704 825 1769 fortior
838 1718 907 1768 etas
916 1726 929 1768 :-

215 1804 304 1869 Nunc
319 1818 382 1869 erat
396 1804 511 1867 auxiliis
525 1803 576 1866 illa
590 1802 701 1866 tuenda
714 1802 816 1886 patris.

172 1900 242 1965 Nec
253 1902 325 1965 mihi
340 1915 409 1965 sunt
423 1900 501 1964 vires
513 1900 646 1964 inimicos
661 1900 772 1983 pellere
787 1898 886 1963 tectis.-

214 1998 263 2061 Tu
279 1998 365 2061 citibs
380 1998 492 2075 venias,
506 2009 609 2082 portus
622 2010 655 2059 et
670 2018 720 2059 ara
733 1997 801 2060 tuis.

172 2094 229 2158 Est
243 2096 308 2173 tibi,
321 2096 429 2179 sitque,
443 2116 559 2180 precor,
574 2107 672 2170 natus,
688 2094 739 2177 qui
752 2093 890 2159 mollibus
903 2092 990 2155 anuis
1089 2080 1151 2155 1'05

213 2190 249 2253 ln
265 2192 372 2274 patrias
386 2204 463 2253 artes
479 2190 657 2253 erudiendus
673 2203 747 2251 erat.

172 2284 304 2375 Respice
319 2288 467 2351 Laerten:
491 2300 524 2349 ut
534 2286 598 2371 jem
611 2307 667 2350 sua
680 2283 792 2349 lumina
805 2285 928 2350 condus.

214 2385 393 2449 Extremum
409 2384 460 2448 sati
473 2384 597 2447 sustinet
611 2382 663 2447 ille
674 2383 766 2446 diem.

168 2475 348 2566 'Certeegq
364 2504 432 2568 quer
443 2481 567 2560 literam,
582 2494 613 2544 te
628 2480 811 2556 discedente,
825 2479 936 2561 puella,

214 2580 353 2645 Protinus
368 2594 401 2643 ut
415 2581 529 2657 redeas,
544 2578 624 2642 sacta
636 2578 760 2641 videbor
773 2596 860 2639 anns,
1089 2578 1152 2639 110

502 2798 722 2864 emsronn
746 2795 823 2889 vus

554 2966 640 3011 milo*
658 2968 774 3011 mn.-

172 3081 255 3161 sle,
268 3082 320 3145 ubi
334 3082 393 3145 seta
407 3081 527 3159 vocant,
540 3080 606 3143 udis
620 3081 754 3166 abjectus
768 3081 798 3143 iu
813 3078 923 3157 herbis,

216 3179 267 3243 Ad
282 3179 359 3242 vada
372 3177 516 3242 Maeandri
530 3178 659 3241 concinit
675 3178 758 3239 albus
774 3178 848 3239 olor.

173 3274 252 3353 Nec,
268 3276 379 3360 quiete
394 3274 496 3337 nostrb
507 3295 625 3359 sperem
640 3295 730 3357 prece
745 3295 833 3357 posse
847 3273 972 3352 moveri,
1055 3307 1058 3312 ·

216 3374 378 3458 Alloquor:
402 3373 528 3435 adverso
542 3371 688 3433 movimus
703 3370 759 3432 ista
771 3371 840 3433 deo.

173 3467 284 3533 Certus
298 3490 331 3531 es
346 3470 388 3532 ire
403 3483 514 3545 tamen,
528 3468 725 3551 miseramque
740 3468 906 3552 relinquere
920 3468 1021 3533 Dido:

216 3566 319 3650 Atque
332 3566 412 3628 idem
428 3566 507 3628 renti
522 3565 589 3628 vela
604 3565 755 3649 fidemque
769 3563 878 3635 ferent.
