2634 4259
546 401 653 455 LIBER
669 400 714 452 Vl.

146 551 269 619 Talibus
284 569 329 617 est
343 554 427 617 dietis
442 552 560 635 gemini
573 574 640 615 enm
657 553 740 635 prole
753 552 870 614 locuta:

147 654 213 715 ‘En
229 674 285 735 ego
302 665 397 713 vestra
411 640 625 733 parens‚'vobis
641 648 902 725 animosaereatis,
937 710 942 717 ,

146 749 187 812 Et
201 750 256 811 nisi
271 748 392 823 Junoni,
408 747 479 809 nulli
493 768 611 809 cessura
625 746 757 821 dearum,

146 844 197 907 An
211 846 268 907 dea
282 846 347 921 sim,
361 844 493 909 dubitor:
518 840 627 925 perque
643 842 742 903 omnia
756 841 863 903 saeeula
876 840 960 903 cultis

147 939 270 1017 Araeor,
286 962 304 1002 o
318 940 388 1017 nati,
403 940 457 1001 nisi
471 956 523 1001 vos
537 938 713 1014 succurritis,
729 938 794 999 aris.

147 1034 215 1099 Nec
230 1038 313 1099 dolor
327 1038 374 1098 hic
389 1037 485 1098 solus:
509 1036 570 1098 diro
584 1036 718 1097 convicia
733 1034 811 1097 sacto

147 1132 282 1195 Tantalis
296 1133 419 1217 adjecit:
443 1154 558 1215 vosque
569 1146 619 1193 est
629 1146 805 1215 postponere
819 1132 894 1194 natis

149 1230 233 1291 Ausa
246 1224 321 1291 suis:
345 1243 374 1291 et
389 1250 437 1291 me
455 1228 547 1314 (quod
563 1230 590 1290 in
608 1230 701 1311 ipsam
716 1228 841 1314 recidat)
856 1229 958 1291 orbam
1073 1231 1117 1293 65

150 1324 237 1387 Dixit
246 1347 254 1401 ;
277 1339 307 1387 et
322 1326 455 1387 exhibuit
469 1326 597 1407 linguam
613 1328 754 1387 scelerata
773 1327 946 1408 patemam.'

125 1440 129 1447 ·
150 1421 313 1506 Adjectura
329 1444 431 1505 preces
446 1436 509 1484 erat
523 1424 567 1484 his
582 1423 698 1485 Latona
712 1423 826 1484 relatis:

152 1506 305 1595 ‘Desine'
320 1519 454 1581 Phoebus
470 1520 519 1596 ait,
536 1519 667 1605 ‘(poenae
682 1540 763 1580 mora
776 1518 879 1605 longa)
897 1520 1051 1605 querelas.'
1088 1562 1092 1567 ·

151 1614 237 1678 Dixit
252 1617 330 1678 idem
344 1616 479 1679 Phoebe:
502 1617 649 1700 celerique
662 1638 719 1700 per
732 1620 802 1679 adra
815 1618 899 1701 lapsu
1078 1697 1083 1707 ι

151 1712 344 1795 Contigerant
359 1713 428 1775 tecti
443 1713 609 1775 Cadmeida
623 1714 748 1776 nubibus
763 1736 872 1777 arcem.
992 1753 995 1758 ·
1077 1718 1119 1777 70
1138 1769 1142 1775 .

192 1810 304 1872 Planus
320 1823 393 1885 erat,
407 1810 526 1892 lateque
542 1824 644 1892 patens
659 1831 751 1893 prope
766 1798 876 1872 moenia
888 1831 1020 1892 eampuS,
1094 1816 1100 1825 '

151 1905 290 1970 Adsiduis
306 1908 438 1991 pulsatus
453 1906 553 1989 equis5
574 1906 624 1967 ubi
639 1907 724 1968 turba
737 1921 875 1982 rotarum,

151 2001 293 2087 Duraque
308 2004 471 2065 mollierunt
486 2002 631 2086 subjectas
646 2003 756 2083 ungula
771 2004 882 2084 glebas.

112 2141 119 2157 .
151 2097 224 2161 Pars
239 2101 278 2162 ibi
294 2100 332 2161 de
345 2113 460 2183 septem
475 2100 579 2181 genitis
594 2099 765 2181 Amphione
777 2100 865 2163 fortes
903 2107 909 2119 ’

152 2196 364 2259 Conscendunt
378 2197 407 2257 in
421 2218 525 2280 equos,
539 2196 692 2279 Tyrioque
707 2197 840 2259 rubentia
854 2196 922 2260 firoo
1077 2202 1120 2262 75

151 2291 251 2375 Terga
265 2307 418 2375 premunt;
441 2314 568 2376 auroque
584 2314 686 2375 graves
700 2294 888 2355 moderantur
901 2295 1040 2377 habenas.

151 2386 298 2472 Equibus
313 2387 455 2464 Ismenos,
472 2390 519 2471 qui
535 2390 618 2450 matri
633 2389 745 2449 sarcina
760 2390 907 2471 quondam

152 2485 252 2548 Prima
266 2508 324 2547 suae
339 2484 442 2561 luerat,
458 2485 528 2546 dum
542 2499 655 2548 certum
671 2485 762 2547 flectit
777 2486 805 2546 iu
821 2478 932 2547 orbem⁶
1035 2517 1039 2524 -

153 2582 370 2665 Quadrupedes
385 2604 495 2658 aursus,
511 2583 734 2666 spumantiaque
749 2605 799 2645 ora
813 2588 950 2661 coercet3

152 2677 231 2742 ‘Hei
245 2680 316 2741 mihi
327 2680 345 2741 l’
367 2681 548 2755 conclamat3
570 2681 726 2763 medioque
741 2683 770 2743 in
786 2695 905 2765 pectore
919 2684 996 2746 fixus
1078 2685 1121 2746 80

151 2776 228 2840 Tela
242 2778 326 2858 gerit,
343 2776 495 2860 frenisque
510 2800 599 2838 manu
614 2778 756 2840 moriente
772 2779 898 2841 remissis
1023 2780 1027 2786 ’

151 2872 186 2936 ln
200 2875 276 2936 latus
291 2896 309 2935 a
323 2873 428 2935 dextro
443 2873 584 2955 paulatim
598 2874 702 2936 defluit
717 2896 809 2936 armo.

107 2990 112 3001 ·
152 2969 320 3045 Proximus,
336 2969 434 3031 dudito
449 2970 544 3030 sonitu
560 2978 613 3051 per
627 2970 713 3030 inane
728 2972 880 3053 pharetrae,

151 3065 256 3129 Fraena
272 3066 360 3127 dabat
374 3065 511 3148 Sipylus:
535 3065 624 3126 veluti
639 3066 707 3126 eim
723 3065 858 3148 praeseius
872 3067 970 3129 imbris

152 3162 241 3226 Nube
256 3162 328 3245 sugit
344 3162 415 3239 visi,
431 3162 647 3246 pendentiaque
663 3163 793 3247 undique
806 3178 902 3226 rector
1079 3168 1120 3230 85

32 3301 46 3349 q
151 3260 283 3323 Carbasa
298 3260 427 3336 deducit,
443 3282 480 3321 ne
497 3259 642 3344 qualevis
657 3260 757 3321 effluat
772 3282 852 3322 aura.

152 3354 257 3419 Fraena
272 3357 369 3418 dabat.
415 3356 546 3418 Dantem
561 3379 619 3423 uon
635 3357 771 3419 evitabile
787 3358 878 3419 telum

153 3453 369 3537 Consequitur:
392 3454 564 3536 summique
579 3468 708 3515 tremens
722 3454 837 3516 cervice
852 3455 956 3536 sagitta

154 3549 265 3626 Hesit3
287 3563 317 3612 at
332 3551 466 3612 exstabat
480 3550 592 3611 nudum
606 3550 644 3612 de
660 3563 776 3632 gutture
789 3550 908 3613 senum.

302 3678 309 3698 ι
407 3650 427 3707 ‘l

1071 2985 1113 3075 xl

28 3134 37 3167 l'
