2634 4259
164 388 225 451 134
473 396 822 449 unruuonrnosuort

159 539 279 607 Occidit
292 564 310 605 u
325 543 389 607 lorti
407 544 465 630 (sic
479 566 532 608 vos
547 544 694 631 voluistis)
711 546 841 609 Achille.

160 637 221 729 Da,
235 661 349 724 precor,
364 642 433 704 huic
447 642 586 726 aliquem,
600 644 704 705 solatia
717 643 828 719 mortis,
843 643 997 720 honorem,

159 734 281 803 Summe
296 736 386 799 deum
399 752 505 816 rector,
519 753 709 822 maternaque
725 740 845 801 vulnera
859 739 940 801 leni.’

200 830 318 915 Jupiter
331 848 492 911 annuerat;
513 836 582 897 edm
597 834 768 897 Memnonis
783 835 892 897 arduus
906 836 966 897 alto

159 926 279 993 Corruit
293 930 360 1012 igne
374 952 472 1013 rogus,
488 931 619 1014 nigrique
635 931 786 996 volumina
799 930 872 994 firmi

45 1028 49 1035 '
84 1002 131 1133 q
158 1024 292 1088 Inseotre
307 1026 403 1089 diem:
427 1027 519 1089 veluti
532 1027 601 1089 crim
617 1027 738 1114 flumina
751 1037 854 1092 natas¹
1069 1028 1134 1091 595

106 1114 109 1120 ’
159 1119 311 1184 Exhalant
325 1123 458 1199 nebulas,
472 1144 528 1185 nee
544 1123 587 1185 sol
604 1123 767 1185 admittitur
780 1122 864 1187 intra
890 1125 894 1131 ’

137 1260 140 1263 -
159 1218 234 1281 Atra
248 1217 347 1281 favilla
361 1219 451 1294 volat,
466 1219 686 1303 glomerataque
701 1241 808 1303 eorpus
821 1220 853 1282 iu
869 1240 961 1281 unum

158 1312 326 1390 Densatur;
347 1312 511 1399 faciemque
526 1315 625 1398 capit:
648 1316 796 1399 smnitque
811 1317 939 1378 calorem
1003 1315 1006 1326 '

158 1411 259 1495 Atque
275 1411 402 1473 annuam
417 1431 458 1473 ex
472 1410 541 1490 igni.
586 1410 709 1474 levitas
722 1432 776 1474 sua
792 1412 914 1495 prebuit
929 1412 1000 1475 alas.

157 1506 200 1570 Et
215 1508 309 1591 primo
323 1508 423 1570 similis
438 1508 560 1583 volucri,
575 1528 648 1572 mox
664 1529 734 1570 vera
748 1509 874 1571 volucris
1066 1510 1131 1572 600

47 1662 50 1677 ,
156 1602 289 1665 insonuit
302 1604 417 1687 pennis.
461 1602 577 1665 Pariter
590 1604 716 1667 sonubre
730 1607 843 1666 sorores

155 1699 329 1777 innumere,
346 1700 449 1783 quibus
465 1713 510 1762 est
524 1699 631 1761 eadem
645 1701 749 1762 natalis
764 1700 856 1782 origo.

155 1796 276 1880 Terque
291 1817 394 1879 rogum
408 1796 547 1857 lustrant:
571 1809 601 1858 et
614 1810 762 1859 consonus
777 1796 840 1858 exit
854 1796 883 1858 in
898 1817 983 1860 auras

155 1892 219 1957 Ter
232 1894 366 1975 clangor:
390 1906 493 1976 quartu
507 1893 653 1955 seducunt
666 1906 763 1956 eastra
778 1894 887 1956 volatu.
924 1898 929 1901 ⁴

154 1990 236 2053 Tum
251 1990 311 2053 duo
325 1988 442 2057 diversi
457 1989 559 2072 populi
574 1989 612 2051 de
627 2002 712 2073 parte
727 1989 841 2053 feroces
862 2024 867 2030 ·
1063 1992 1130 2054 605

153 2085 241 2166 Bella
254 2099 369 2167 gerunt,
384 2085 551 2167 rostrisque,
566 2098 597 2147 et
612 2086 733 2148 aduncis
747 2086 893 2167 unguibus
907 2086 964 2149 iras

153 2180 316 2257 Exercent,
332 2180 450 2263 alasque
467 2180 647 2263 adversaque
663 2195 785 2263 pectora
799 2181 924 2243 lassant:

152 2276 323 2360 Inferiaeque
338 2275 448 2339 cadunt
462 2276 553 2338 cineri
566 2290 694 2357 cognata
710 2277 827 2359 sepulto
894 2274 898 2279 ’

152 2372 304 2457 Corpora:
327 2393 420 2455 seque
437 2371 498 2435 viro
513 2370 579 2435 sorti
594 2374 758 2459 meminere
771 2387 895 2436 creatas.

157 2506 161 2512 ·
193 2469 376 2551 Praepetibns
390 2468 492 2531 subitis
506 2487 615 2531 nomen
631 2468 700 2531 lacit
714 2484 835 2547 auetor3
856 2472 894 2533 ab
908 2472 959 2533 illo
1061 2473 1126 2536 610

150 2564 357 2627 Memnonides
373 2564 467 2641 dictae,
476 2565 551 2626 ,ctam
567 2565 610 2627 sol
625 2565 763 2627 duodena
777 2569 890 2651 peregit

151 2658 250 2743 Signa,
266 2660 407 2742 parentali
422 2658 557 2741 periturae
572 2657 672 2723 Marte
687 2662 840 2725 rebellant.

150 2755 231 2839 Ergo
245 2756 306 2817 aliis
321 2754 441 2818 latrisse
456 2753 642 2840 Dymantida
656 2756 754 2819 debile
771 2759 883 2823 visum:

149 2852 292 2915 Luctibus
307 2864 352 2913 est
366 2852 487 2913 Aurora*
496 2851 555 2913 suis
569 2851 690 2931 iqtenta,
705 2855 827 2938 piasque

108 2944 111 2951 ’
149 2946 238 3010 Nune
253 2968 371 3033 quoque
385 2948 437 3011 dat
449 2948 606 3033 lacrymas,
621 2964 652 3013 et
666 2963 821 3016 totororat
835 2952 865 3017 iu
880 2954 963 3017 orbe.
1059 2955 1123 3019 615
