2634 4259
189 394 233 459 te
503 388 848 461 uaramoarflosrou

189 550 284 636 Inque
299 554 379 617 aditu
393 555 512 618 obsisto.
557 554 642 621 Furit
656 559 866 623 audacissimus
882 564 963 625 omni

132 710 135 713 .
189 646 240 711 De
254 672 377 714 numero
392 652 546 735 Lycabas:
571 676 619 741 qur
611 655 758 719 Thusca
773 658 874 739 pulsus
889 660 925 720 ab
939 660 1012 723 urbe
1084 741 1086 744 v

189 736 349 833 Exsilium,
364 748 428 812 dira
442 770 563 833 poenam
578 774 632 835 pro
646 753 738 831 caede,
753 754 863 817 luebat.
1003 759 1012 770 '

189 841 219 904 Is
233 842 315 922 mrhr,
330 828 413 908 dum
415 858 503 931 resto,
514 846 639 932 juvenili
653 864 770 960 guttura
784 872 888 962 pugno
1030 858 1036 867 ’
1099 859 1162 919 210

190 937 302 1023 Rupit:
326 955 356 1003 et
371 962 527 1006 excussum
541 946 667 1008 misisset
680 946 711 1009 in
725 968 851 1030 equora,
865 948 890 1010 si
904 970 963 1012 non

190 1034 359 1116 Haesissem,
374 1040 507 1123 quamvis
521 1062 633 1120 amens,
648 1043 679 1105 in'
692 1042 779 1105 fune
777 1058 918 1108 retentus.

231 1134 328 1219 Impia
341 1137 425 1198 turba
439 1135 565 1220 probant
578 1136 699 1202 factum.
742 1126 825 1202 Turn
839 1142 966 1226 denique
981 1142 1133 1222 Bacchus,
1231 1175 1235 1181 ·

192 1230 346 1318 (Bacchus
362 1232 440 1295 enim
454 1232 563 1323 firerat)
581 1236 673 1299 veluti
685 1232 814 1331 claruere
829 1237 941 1300 solutus

189 1328 235 1391 Sit
249 1351 347 1413 sopor,
362 1351 437 1415 aque
451 1352 534 1393 mero
548 1332 671 1395 redeant
682 1333 714 1395 in
729 1346 850 1417 pectora
863 1355 992 1412 sensus·
1100 1340 1165 1401 215

191 1424 305 1499 “Quid
319 1425 433 1490 facitis?
452 1428 521 1511 ‘quis
535 1428 689 1492 clamor?''
711 1430 769 1507 ait;
792 1438 811 1467 “
822 1426 891 1513 quit,
906 1431 1005 1509 dicite,
1020 1447 1126 1505 nautae,
1152 1477 1155 1482 -
1170 1428 1173 1432 ’

190 1518 261 1585 Ηιιο
275 1544 333 1607 ope
347 1525 491 1608 perveni?
513 1524 572 1609 qud
585 1547 635 1587 me
650 1525 764 1588 deferre
778 1527 887 1610 paratis
896 1527 930 1589 Ρ)

184 1626 210 1657 *“
220 1620 305 1683 Pone
320 1621 465 1699 metum,''
482 1620 619 1699 ProreuS,
636 1629 655 1659 “
665 1635 696 1685 et
711 1644 784 1706 quos
798 1625 969 1706 contingere
984 1640 1086 1708 portus
1127 1689 1128 1692 ,

153 1736 163 1755 ·
191 1714 258 1778 Ede
274 1717 377 1795 velis,''
393 1716 478 1795 dixit,
493 1717 601 1781 “terrai
614 1718 716 1802 sistere
731 1718 857 1803 petitt.”
1128 1786 1131 1789 ,

191 1820 212 1850 “
221 1812 363 1892 Naxon,''
379 1815 420 1877 ait
433 1814 535 1893 Liber,
551 1822 681 1879 “cursus
695 1816 839 1879 advertite
854 1831 978 1879 vestros.
1080 1829 1081 1832 ’
1100 1822 1165 1883 220

192 1908 245 1974 Illa
261 1912 333 1979 mihi
347 1912 451 1976 domus
466 1925 528 1975 est:
552 1913 635 1975 vobis
649 1913 705 1976 erit
718 1914 836 1997 hospita
849 1914 967 1976 tellus.’'

191 2007 253 2070 Per
266 2030 346 2072 mare
361 2009 490 2088 fallaces,
505 2032 617 2097 perque
632 2010 732 2073 omnia
744 2012 866 2073 numina
876 2010 976 2095 jurant

142 2088 153 2105 ¹
193 2105 242 2169 Sic
258 2104 337 2169 fore:
359 2128 466 2190 meque
477 2107 583 2191 jubent
598 2107 683 2190 pictae
698 2107 769 2170 dare
784 2108 851 2169 vela
864 2108 979 2170 carinae.

192 2201 328 2264 Dextera
342 2200 446 2265 Naxos
462 2215 533 2265 erat.
578 2202 698 2264 Dextra
710 2203 782 2265 mihi
795 2204 887 2265 lintea
901 2204 992 2281 danti,
1102 2207 1166 2269 224

106 2354 108 2358 .
193 2296 306 2373 “Quid
321 2298 401 2377 facis,
416 2320 435 2361 o
450 2299 593 2362 demens?
616 2300 681 2383 quis
696 2312 725 2362 te
747 2298 977 2384 firror,''inquit,
989 2295 1012 2338 '“
1022 2301 1164 2379 Aeoete,''

157 2468 161 2477 ,
192 2395 254 2460 Ριο
267 2418 299 2485 se
315 2397 448 2481 quisque,
463 2404 483 2434 “
493 2399 595 2460 tenet?
617 2398 722 2459 lavam
736 2397 839 2481 pet'e.”
884 2396 1020 2461 Maxima
1033 2411 1107 2460 nutu

193 2494 266 2557 Pars
280 2494 352 2557 mihi
366 2494 524 2576 signifieat;
546 2516 623 2579 pars,
640 2495 709 2579 quid
724 2494 806 2573 velit,
821 2515 891 2557 aure
905 2509 1045 2557 susurrat.
1103 2490 1107 2493 ⁴

193 2590 361 2676 Obstupui:=
384 2598 403 2628 ‘¹
413 2590 584 2675 Capiatque'
596 2592 669 2655 alius
683 2592 915 2668 moderamina,'’
931 2592 1011 2655 dixi:

194 2688 307 2775 Meque
321 2689 481 2777 ministerio
494 2680 672 2773 scelerisque
688 2690 814 2774 artisque
829 2690 952 2752 removi.

194 2786 334 2871 Increpor
347 2806 365 2848 a
379 2786 503 2863 sanctia,
514 2798 668 2870 totumque
683 2787 885 2849 immurmurat
899 2808 1016 2869 agmen.
1103 2785 1167 2851 230

175 2942 177 2951 ,
194 2883 224 2945 Ε
240 2884 343 2967 quibus
358 2882 520 2961 AEthalion,
536 2882 614 2946 “Te
629 2880 742 2947 scilicet
754 2884 849 2946 omnis
864 2884 893 2946 in
907 2905 967 2946 uno

194 2980 304 3043 Nostra
317 2981 395 3043 salus
409 2981 505 3065 posita
518 2994 563 3044 est
572 2980 605 3044 ?”
628 2981 679 3044 ait.
723 2980 766 3043 Et
779 2981 856 3043 subit
870 2981 951 3064 ipse:
974 3000 1134 3063 meumque

195 3076 309 3161 Explet
323 3100 414 3162 opus:
437 3078 586 3162 Naxoque
602 3078 676 3162 petit
691 3078 806 3140 diversa
818 3077 933 3140 relicta.

237 3175 319 3238 Tum
334 3176 407 3238 deus
422 3176 557 3254 illudens,
572 3190 713 3260 tanquam
727 3175 818 3237 modd
832 3175 959 3259 denique
975 3172 1109 3237 fraudem

196 3273 336 3349 Senserit,
352 3295 368 3335 e
384 3272 477 3357 puppi
491 3286 614 3357 pontum
630 3284 799 3356 prospectat
813 3270 940 3333 adunca.
1105 3272 1168 3334 235

196 3368 237 3432 Et
252 3370 335 3433 flenti
349 3370 458 3446 similis,
474 3378 493 3407 “
503 3368 572 3433 Non
587 3368 649 3433 haec
664 3369 736 3432 mihi
750 3368 856 3444 littora,
871 3382 977 3445 nauta,

195 3466 404 3545 Promisistis‚’'
419 3468 475 3530 ait:
499 3475 519 3505 “
528 3490 587 3531 non
603 3468 666 3530 haec
679 3465 751 3530 mihi
766 3479 843 3527 terra
856 3479 959 3547 rogata
973 3479 1029 3527 est.
1115 3474 1120 3536 f

197 3563 269 3637 Quo
283 3564 377 3628 merui
391 3586 510 3648 poenarn
525 3564 623 3629 facto?
647 3587 711 3649 quae
725 3563 816 3647 gloria
830 3577 926 3625 vestra
940 3575 1003 3641 est;

1296 869 1305 1059 ,l

1303 1311 1305 1430 l
