2634 4259
507 350 510 355 Δ
596 358 707 409 umuli
729 359 765 409 11.

191 509 360 596 (Presserat
374 530 424 571 era
438 505 555 593 repon)
574 515 683 571 ‘tostos
696 529 735 569 en
750 506 869 592 adspice
883 508 988 587 crines,

188 606 285 691 inque
299 606 392 669 oculis
406 618 530 681 tantum,
544 618 658 667 tantum
671 625 761 687 super
774 603 952 668 orasavillae.

192 702 296 765 Hosne
310 702 383 765 mibi
397 700 518 779 fructus,
532 702 611 763 bunc
626 699 780 763 fertilitatis
794 702 936 764 honorem

192 799 350 883 Officiique
365 796 473 874 resers3
496 796 575 881 qudd
591 797 698 860 adunci
713 797 835 863 vulnera
848 799 945 877 antri,
1098 800 1165 865 285

192 894 426 980 Rastrorurnque
438 892 513 970 sero,
528 907 649 977 totoque
658 915 807 957 exerceor
820 898 920 959 anno?
1025 930 1030 937 ·

192 990 287 1065 Quod
301 990 402 1075 pecori
416 990 543 1067 frondes,
558 990 754 1073 alimentaque
769 991 862 1068 mitia,
876 990 984 1076 finger,

193 1086 333 1149 Humano
346 1087 457 1170 generi,
471 1087 551 1149 vobis
566 1085 645 1169 qudd
659 1086 751 1149 thura·
757 1087 909 1151 ministro?

193 1184 254 1246 Sed
269 1198 368 1247 tamen
383 1184 506 1246 exitium
521 1181 567 1245 sac
581 1205 631 1245 me
645 1184 803 1246 meruisse:
826 1184 897 1267 quid
910 1184 1007 1264 unde,

192 1278 278 1353 Quid
292 1280 398 1342 meruit
411 1278 518 1341 frater?
561 1277 627 1343 Cur
639 1280 680 1342 illi
695 1280 800 1343 tradita
813 1294 891 1343 sorte
1100 1284 1165 1347 290

192 1376 327 1460 AEquora
341 1376 524 1455 decrescunt,
539 1390 570 1440 et
584 1378 625 1439 ab'
635 1377 744 1439 aetbere
758 1377 873 1459 longiirs
887 1377 1013 1441 absunt?

193 1471 287 1546 Quod
301 1474 326 1537 si
340 1496 395 1536 nec
411 1472 514 1551 fratris,
528 1495 585 1535 nec
599 1487 629 1534 te
644 1494 713 1534 mea
725 1473 817 1555 gratia
831 1474 942 1555 tangit5

193 1570 237 1632 At
252 1571 321 1633 coeli
335 1571 472 1633 miserere
487 1570 540 1633 tui.
584 1567 790 1653 Circumspice
804 1583 979 1654 utrumque;

192 1665 304 1729 Fumat
317 1680 440 1750 uterque
454 1667 556 1750 polus:
581 1666 692 1750 quossi
707 1666 852 1729 vitiaverit
865 1666 951 1749 ignis,

194 1762 279 1825 Atria
293 1776 388 1825 vestra
401 1776 498 1825 ruent.
542 1762 627 1825 Atlas
642 1784 681 1824 en
694 1762 757 1845 ipse
772 1763 900 1829 laborat:
1101 1765 1164 1828 295

195 1856 317 1943 Vixque
330 1860 390 1921 suis
403 1858 532 1921 humeris
545 1859 721 1920 candentem
734 1860 857 1921 sustinet
870 1880 969 1923 exem.

194 1954 227 2017 Si
242 1953 324 2033 freta,
339 1955 364 2017 si
377 1968 461 2017 terre
476 1966 611 2037 pereunt,
625 1953 650 2015 si
665 1954 746 2037 regia
759 1955 846 2031 coeli;

193 2050 228 2113 ln
239 2052 332 2113 chaos
347 2051 499 2133 antiquum
513 2048 740 2113 confundimur..
771 2050 865 2133 Eripe
879 2049 1015 2129 flammis,

148 2136 150 2141 ⁵
193 2147 227 2209 Si
242 2146 312 2231 quid
325 2147 423 2210 adhuc
437 2160 586 2229 superest:
608 2159 639 2209 et
653 2167 750 2209 rerum
764 2148 886 2210 consule
899 2148 1043 2213 summe!

193 2243 320 2305 Dixerat
334 2244 396 2305 hec
411 2242 533 2307 Tellus:
555 2264 653 2327 neque
669 2243 748 2305 enirn
762 2243 886 2307 tolerare
903 2266 1043 2329 vaporem
1100 2248 1164 2310 ³00

191 2338 324 2403 Ulterius
338 2340 443 2423 potuit,
457 2360 513 2401 nec
528 2339 626 2402 dicere
640 2340 741 2423 plura:
763 2362 908 2425 suumque

191 2436 308 2501 Retulit
322 2459 355 2499 os
370 2437 399 2500 in
413 2458 456 2514 se,
471 2436 665 2519 propioraque
678 2438 813 2499 manibus
826 2452 919 2499 anna.

234 2534 278 2597 At
293 2547 377 2617 pater
389 2533 574 2615 omnipotens
589 2553 711 2615 superos
725 2546 857 2610 testatus,
871 2547 903 2596 et
916 2533 1025 2617 ipsum,

191 2630 255 2704 Qui
271 2630 390 2692 dederat
404 2650 516 2706 currus,
530 2627 584 2691 nisi
598 2650 688 2712 opem
702 2628 785 2707 ferat,
799 2631 898 2693 omnia
910 2630 970 2694 sato

192 2726 347 2789 Interitura
360 2727 441 2808 gravi
453 2748 462 2802 ;
484 2747 628 2788 summam
642 2726 718 2809 petit
732 2726 837 2790 arduus
852 2749 970 2805 arcem;
1099 2729 1163 2792 305

191 2821 281 2885 Unde
296 2824 370 2885 solet
385 2822 450 2884 latis
465 2822 558 2885 nubes
572 2822 711 2886 inducere
726 2824 822 2886 terris:

191 2919 282 2982 Unde
296 2934 396 2983 movet
410 2920 544 2999 tonitrus2
558 2919 729 3003 vibrataque
743 2919 865 2983 fulmina
874 2919 977 3004 jactat.

192 3014 255 3078 Sed
270 3037 378 3099 neque,
394 3038 466 3100 quas
480 3028 580 3098 posset
594 3014 677 3077 terris
691 3014 843 3092 inducere,
856 3016 950 3077 nubes

191 3112 282 3175 Tunc
297 3112 415 3175 habuit:
438 3134 506 3188 nec,
522 3132 595 3194 quos
609 3112 688 3178 coelo
703 3111 872 3189 dimitteret,
887 3111 1005 3173 imbres.

192 3209 325 3273 lntonet:
349 3223 379 3272 ct
394 3207 500 3271 dextri
512 3207 650 3271 libratum
665 3208 776 3272 fulmen
791 3209 828 3271 ab
843 3230 912 3271 aure
1099 3212 1163 3274 310

191 3306 275 3369 Misit
289 3307 318 3368 in
334 3308 482 3389 aurigam:
504 3308 672 3392 pariterque
687 3307 843 3390 animique
857 3307 986 3391 rotisque

191 3402 329 3486 Expulit,
345 3416 375 3465 et
389 3404 472 3473 saevis
485 3404 668 3487 compescuit
683 3403 798 3484 ignibus
814 3403 907 3485 ignes.

192 3500 425 3562 Consternantur
439 3501 524 3585 equi:
549 3514 578 3563 et
593 3501 668 3563 saltu
683 3500 712 3561 in
727 3499 868 3561 contraria
882 3497 960 3561 fecto
