2634 4259
571 403 679 459 LIBER
693 404 752 456 XV.

187 552 268 621 Cum
281 552 400 620 lunone
414 556 517 639 magis.
562 553 646 641 Quid
660 574 740 618 nunc
754 552 873 637 antiqua
886 551 1022 620 recordor
1133 584 1137 590 >

186 652 380 729 Darnnamel
394 654 529 737 generis?
551 653 638 716 timor
651 653 701 715 hic
715 651 883 715 meminisse
898 651 1026 733 priomm

186 748 255 813 Non
271 751 348 813 sinit.
393 750 429 814 ln
444 764 493 813 me
507 750 574 813 acui
588 751 745 813 sceleratos
758 748 876 811 cernitis
890 768 994 823 enses3
1009 789 1012 795 -

186 845 273 920 Quos
288 848 453 931 prohibete,
468 866 572 931 precor
581 868 590 924 ;
611 847 782 929 facinusque
797 845 947 928 repellite:
970 864 1047 906 neve
1095 845 1158 905 230

186 943 279 1007 Cede
294 944 601 1007 sacerdotis-flammas
615 944 794 1025 exstinguite
811 942 933 1005 Veste!
998 977 1007 987 x

174 1102 182 1115 ,
216 1039 315 1103 =Talia
328 1041 526 1125 nequicquam
539 1054 602 1103 toto
617 1039 723 1101 Venus
738 1040 827 1102 anxia
839 1040 917 1101 coelo

187 1135 287 1199 Verba
305 1136 389 1221 jacit,
403 1154 585 1221 superosque
600 1151 712 1200 movet.
757 1134 821 1209 Qui
836 1158 974 1219 rumpere
990 1155 1158 1219 quanquam

185 1232 298 1296 Ferrea
312 1257 371 1297 non
386 1246 509 1318 possunt
523 1247 658 1295 veterum
673 1234 793 1295 decreta
807 1233 958 1309 Surorum,

185 1329 276 1413 Signa
290 1344 390 1393 tamen
404 1330 500 1397 luctds
515 1330 586 1397 dent
600 1331 679 1392 haud
694 1330 805 1392 incerta
819 1329 917 1402 fitturi',
1097 1330 1160 1390 235

228 1426 328 1490 Arma,
337 1426 433 1489 serunt
446 1427 525 1489 inter
533 1427 630 1508 nigras
643 1426 818 1509 crepitantia
831 1427 936 1503 nubes,

185 1522 406 1607 Terribilesque
419 1525 515 1601 tubas,
530 1523 690 1605 auditaque
701 1544 813 1585 cornua
826 1523 905 1585 coelo

186 1620 400 1684 Pmmonuisse
414 1619 506 1683 nasas.
550 1619 660 1683 Phoebi
675 1640 793 1703 quoqne
808 1620 896 1683 tristis
910 1623 1008 1701 imago

186 1716 297 1790 Lurida
311 1718 440 1781 sollicitis
455 1718 604 1801 prebebat
618 1716 731 1779 lumina
745 1717 838 1779 terris.

186 1813 272 1898 Saepe
288 1813 368 1877 taces
382 1815 450 1876 visae
465 1814 568 1876 mediis
582 1814 685 1875 ardere
700 1813 756 1877 sub
770 1814 871 1876 astris:
1098 1815 1162 1876 940

186 1911 273 1995 Saepe
288 1912 365 1975 inter
377 1911 494 1973 nrmbos
509 1923 596 1991 gutta
611 1910 748 1973 cecidere
764 1925 903 1973 cruenta.
1088 1988 1093 1997 Ι

148 2090 150 2093 Ι
187 2006 321 2071 Caerulus
335 2022 366 2070 et
381 2006 496 2069 vultum
512 2006 658 2088 ferrugine
672 1996 793 2069 Lucifer
806 2008 870 2069 ant
918 2084 921 2087 ⁴
1004 2062 1011 2078 ,.

187 2103 311 2188 Sparsus
326 2117 405 2167 erat:
429 2104 521 2187 sparsi
535 2103 671 2167 Lunares
684 2104 826 2186 sanguine
839 2125 956 2182 currus.¹

142 2194 144 2201 ’
185 2201 295 2265 Tristia
309 2202 389 2263 mille
403 2202 475 2265 locis
490 2201 612 2285 Stygius
626 2201 708 2265 dedit
722 2202 821 2265 omina
835 2203 932 2268 bubo:

188 2298 271 2362 Mille
287 2299 358 2361 locis
368 2298 541 2382 lacrymavit
552 2300 641 2362 ebur:
664 2300 971 2383 cantusquesemntur
1098 2302 1162 2363 245

186 2396 301 2472 Auditi,
315 2395 422 2460 sanctis
436 2409 468 2457 et
481 2396 571 2460 verba
584 2396 710 2459 minacia
723 2397 807 2459 lucis.

191 2491 318 2556 Victima
332 2493 412 2555 nulla
425 2493 506 2555 litat:
528 2514 711 2577 magnusque
725 2494 833 2557 instare
847 2496 991 2557 tumultus

186 2587 278 2653 Fibra
290 2603 410 2666 monet3
431 2610 598 2673 casumque
613 2605 704 2674 caput
717 2590 862 2674 reperitur
874 2591 905 2653 in
919 2593 1008 2658 extis.

186 2686 281 2771 Inque
297 2687 369 2764 soro,
383 2687 553 2770 circumque
569 2688 684 2765 dumos,
698 2702 730 2750 et
743 2689 855 2771 templa
871 2690 993 2753 deorum

187 2780 354 2847 Nocturnus
369 2784 497 2846 ululasse
511 2804 619 2861 caues;
641 2786 818 2870 umbrasque
832 2786 971 2850 silentium
1099 2790 1163 2851 250

187 2880 338 2943 Erravisse
354 2879 460 2957 semnt,
474 2893 644 2964 motamque
660 2882 834 2944 tremoribus
848 2884 964 2945 urbem.

186 2975 257 3039 Non
271 2991 370 3040 tamen
384 2977 512 3054 insidias,
527 2990 711 3061 venturaque
725 2978 843 3040 vincere
858 2977 917 3040 sata

185 3072 379 3137 Praemonitus
394 3073 519 3157 potudre
535 3074 642 3136 dedm:
666 3073 815 3156 strictique
831 3072 962 3139 seruntur

185 3169 220 3232 In
235 3172 380 3253 ternplum
395 3171 500 3253 gladii:
524 3192 621 3254 neque
637 3170 716 3231 euim
730 3170 812 3233 locus
826 3171 903 3233 ullus
918 3172 948 3233 in
962 3170 1047 3234 Urbe

142 3276 146 3283 '
185 3267 238 3330 Ad
253 3266 375 3344 facinus,
390 3268 541 3351 diramque
556 3268 666 3351 placet,
680 3266 735 3329 nisi
749 3265 852 3344 Curia,
866 3268 990 3331 cedem.
1098 3271 1162 3333 255

228 3362 311 3426 Tum
327 3363 397 3425 verb
413 3363 567 3448 Cytherea
580 3386 670 3425 manu
685 3365 828 3447 percussit
841 3365 966 3449 utraque

186 3459 315 3523 Pectus:
338 3476 368 3523 ct
383 3461 511 3525 ethered
523 3462 641 3525 molitur
653 3461 780 3524 condere
794 3461 884 3539 nube,

187 3555 261 3631 Qua
274 3558 356 3641 pribs
371 3556 477 3621 infesto
491 3556 574 3621 Paris
589 3572 634 3620 est
649 3571 769 3641 ereptus
782 3558 906 3637 Atride,

488 3655 557 3717 13*
