<?xml version="1.0" encoding="UTF-8"?>
<!DOCTYPE html PUBLIC "-//W3C//DTD XHTML 1.0 Transitional//EN"
    "http://www.w3.org/TR/xhtml1/DTD/xhtml1-transitional.dtd">
<html xmlns="http://www.w3.org/1999/xhtml" xml:lang="en" lang="en">
 <head>
  <title>
</title>
<meta http-equiv="Content-Type" content="text/html;charset=utf-8" />
  <meta name='ocr-system' content='tesseract 3.04.00' />
  <meta name='ocr-capabilities' content='ocr_page ocr_carea ocr_par ocr_line ocrx_word'/>
</head>
<body>
  <div class='ocr_page' id='page_1' title='image "./excerptaexscrip01goulgoog_0132.png"; bbox 0 0 2634 4259; ppageno 0'>
   <div class='ocr_carea' id='block_1_1' title="bbox 207 434 863 496">
    <p class='ocr_par' dir='ltr' id='par_1_1' title="bbox 207 434 863 496">
     <span class='ocr_line' id='line_1_1' title="bbox 207 434 863 496; baseline -0.008 0"><span class='ocrx_word' id='word_1_1' title='bbox 207 434 270 496; x_wconf 85' lang='lat' dir='ltr'><strong>lte</strong></span> <span class='ocrx_word' id='word_1_2' title='bbox 516 441 863 493; x_wconf 76' lang='lat' dir='ltr'><strong>Marauonnflosnou</strong></span> 
     </span>
    </p>
   </div>
   <div class='ocr_carea' id='block_1_2' title="bbox 170 585 1308 3554">
    <p class='ocr_par' dir='ltr' id='par_1_2' title="bbox 204 585 1175 868">
     <span class='ocr_line' id='line_1_2' title="bbox 205 585 969 673; baseline 0 -22"><span class='ocrx_word' id='word_1_3' title='bbox 205 585 335 651; x_wconf 88' lang='lat' dir='ltr'><strong>Sustinui</strong></span> <span class='ocrx_word' id='word_1_4' title='bbox 341 610 351 667; x_wconf 81' lang='lat'><em>3</em></span> <span class='ocrx_word' id='word_1_5' title='bbox 371 604 539 673; x_wconf 82' lang='lat' dir='ltr'><strong>sortemque</strong></span> <span class='ocrx_word' id='word_1_6' title='bbox 553 612 651 653; x_wconf 88' lang='lat' dir='ltr'><strong>meam</strong></span> <span class='ocrx_word' id='word_1_7' title='bbox 666 591 795 666; x_wconf 83' lang='lat' dir='ltr'><strong>vovistis,</strong></span> <span class='ocrx_word' id='word_1_8' title='bbox 811 590 937 652; x_wconf 90' lang='lat' dir='ltr'><strong>Achivi:</strong></span> <span class='ocrx_word' id='word_1_9' title='bbox 966 619 969 623; x_wconf 50' lang='lat'><em>⁴</em></span> 
     </span>
     <span class='ocr_line' id='line_1_3' title="bbox 204 683 946 771; baseline -0.003 -23"><span class='ocrx_word' id='word_1_10' title='bbox 204 683 246 748; x_wconf 87' lang='lat' dir='ltr'><strong>Et</strong></span> <span class='ocrx_word' id='word_1_11' title='bbox 261 700 363 749; x_wconf 81' lang='lat' dir='ltr'><strong>vestre</strong></span> <span class='ocrx_word' id='word_1_12' title='bbox 378 686 497 748; x_wconf 69' lang='lat' dir='ltr'><strong>valuere</strong></span> <span class='ocrx_word' id='word_1_13' title='bbox 512 708 625 769; x_wconf 86' lang='lat' dir='ltr'><strong>preces.</strong></span> <span class='ocrx_word' id='word_1_14' title='bbox 644 708 646 712; x_wconf 88' lang='lat'>·</span> <span class='ocrx_word' id='word_1_15' title='bbox 671 687 703 749; x_wconf 87' lang='lat' dir='ltr'><strong>si</strong></span> <span class='ocrx_word' id='word_1_16' title='bbox 719 687 844 769; x_wconf 77' lang='lat' dir='ltr'><strong>queritis</strong></span> <span class='ocrx_word' id='word_1_17' title='bbox 858 685 946 771; x_wconf 89' lang='lat' dir='ltr'><strong>hujus</strong></span> 
     </span>
     <span class='ocr_line' id='line_1_4' title="bbox 204 778 1175 868; baseline 0.004 -25"><span class='ocrx_word' id='word_1_18' title='bbox 204 778 367 868; x_wconf 79' lang='lat' dir='ltr'><strong>Formnam</strong></span> <span class='ocrx_word' id='word_1_19' title='bbox 382 801 507 865; x_wconf 77' lang='lat' dir='ltr'><strong>pugnae3</strong></span> <span class='ocrx_word' id='word_1_20' title='bbox 528 804 587 845; x_wconf 88' lang='lat' dir='ltr'><strong>non</strong></span> <span class='ocrx_word' id='word_1_21' title='bbox 602 803 668 844; x_wconf 87' lang='lat' dir='ltr'><strong>sum</strong></span> <span class='ocrx_word' id='word_1_22' title='bbox 682 796 835 866; x_wconf 82' lang='lat' dir='ltr'><strong>superatus</strong></span> <span class='ocrx_word' id='word_1_23' title='bbox 850 782 962 844; x_wconf 89' lang='lat' dir='ltr'><strong>abillo.</strong></span> <span class='ocrx_word' id='word_1_24' title='bbox 1130 786 1175 847; x_wconf 82' lang='lat'><strong>9⁰</strong></span> 
     </span>
    </p>

    <p class='ocr_par' dir='ltr' id='par_1_3' title="bbox 204 867 1110 1056">
     <span class='ocr_line' id='line_1_5' title="bbox 247 867 1110 962; baseline -0.002 -21"><span class='ocrx_word' id='word_1_25' title='bbox 247 876 330 941; x_wconf 80' lang='lat' dir='ltr'><strong>Ecce</strong></span> <span class='ocrx_word' id='word_1_26' title='bbox 345 876 439 940; x_wconf 82' lang='lat' dir='ltr'><strong>ferunt</strong></span> <span class='ocrx_word' id='word_1_27' title='bbox 453 878 549 941; x_wconf 75' lang='lat' dir='ltr'><strong>Tro&#39;e&#39;s</strong></span> <span class='ocrx_word' id='word_1_28' title='bbox 565 877 742 962; x_wconf 85' lang='lat' dir='ltr'><strong>ferrumque,</strong></span> <span class='ocrx_word' id='word_1_29' title='bbox 758 867 926 960; x_wconf 83' lang='lat' dir='ltr'><strong>ignemque,</strong></span> <span class='ocrx_word' id='word_1_30' title='bbox 941 876 1110 961; x_wconf 76' lang='lat' dir='ltr'><strong>lovemque</strong></span> 
     </span>
     <span class='ocr_line' id='line_1_6' title="bbox 204 970 995 1056; baseline -0.003 -19"><span class='ocrx_word' id='word_1_31' title='bbox 204 970 240 1037; x_wconf 91' lang='lat' dir='ltr'><strong>ln</strong></span> <span class='ocrx_word' id='word_1_32' title='bbox 255 972 376 1037; x_wconf 81' lang='lat' dir='ltr'><strong>Danaas</strong></span> <span class='ocrx_word' id='word_1_33' title='bbox 388 975 512 1037; x_wconf 79' lang='lat' dir='ltr'><strong>classes:</strong></span> <span class='ocrx_word' id='word_1_34' title='bbox 535 974 586 1037; x_wconf 94' lang='lat' dir='ltr'><strong>ubi</strong></span> <span class='ocrx_word' id='word_1_35' title='bbox 599 993 678 1036; x_wconf 90' lang='lat' dir='ltr'><strong>nunc</strong></span> <span class='ocrx_word' id='word_1_36' title='bbox 693 973 835 1036; x_wconf 85' lang='lat' dir='ltr'><strong>facundus</strong></span> <span class='ocrx_word' id='word_1_37' title='bbox 849 973 995 1056; x_wconf 87' lang='lat' dir='ltr'><strong>Ulysses?</strong></span> 
     </span>
    </p>

    <p class='ocr_par' dir='ltr' id='par_1_4' title="bbox 204 1067 1308 1294">
     <span class='ocr_line' id='line_1_7' title="bbox 204 1067 1115 1154; baseline 0 -22"><span class='ocrx_word' id='word_1_38' title='bbox 204 1067 325 1153; x_wconf 84' lang='lat' dir='ltr'>Nempe</span> <span class='ocrx_word' id='word_1_39' title='bbox 340 1092 397 1153; x_wconf 85' lang='lat' dir='ltr'><strong>ego</strong></span> <span class='ocrx_word' id='word_1_40' title='bbox 411 1072 491 1133; x_wconf 90' lang='lat' dir='ltr'><strong>mille</strong></span> <span class='ocrx_word' id='word_1_41' title='bbox 506 1092 575 1133; x_wconf 88' lang='lat' dir='ltr'><strong>meo</strong></span> <span class='ocrx_word' id='word_1_42' title='bbox 589 1072 706 1154; x_wconf 75' lang='lat' dir='ltr'><strong>protexi</strong></span> <span class='ocrx_word' id='word_1_43' title='bbox 720 1084 982 1154; x_wconf 77' lang='lat' dir='ltr'><strong>pectorepuppes,</strong></span> <span class='ocrx_word' id='word_1_44' title='bbox 1111 1142 1115 1150; x_wconf 31' lang='grc' dir='ltr'>Ι</span> 
     </span>
     <span class='ocr_line' id='line_1_8' title="bbox 205 1127 1308 1294; baseline -0.001 -64"><span class='ocrx_word' id='word_1_45' title='bbox 205 1166 299 1251; x_wconf 86' lang='lat' dir='ltr'><strong>Spem</strong></span> <span class='ocrx_word' id='word_1_46' title='bbox 314 1170 402 1230; x_wconf 88' lang='lat' dir='ltr'><strong>vestri</strong></span> <span class='ocrx_word' id='word_1_47' title='bbox 416 1168 537 1230; x_wconf 78' lang='lat' dir='ltr'><strong>reditus.</strong></span> <span class='ocrx_word' id='word_1_48' title='bbox 581 1167 663 1230; x_wconf 88' lang='lat' dir='ltr'><strong>Date</strong></span> <span class='ocrx_word' id='word_1_49' title='bbox 678 1180 720 1229; x_wconf 90' lang='lat' dir='ltr'><strong>tot</strong></span> <span class='ocrx_word' id='word_1_50' title='bbox 735 1189 789 1251; x_wconf 94' lang='lat' dir='ltr'><strong>pro</strong></span> <span class='ocrx_word' id='word_1_51' title='bbox 803 1168 927 1229; x_wconf 88' lang='lat' dir='ltr'><strong>navibus</strong></span> <span class='ocrx_word' id='word_1_52' title='bbox 940 1186 1030 1230; x_wconf 86' lang='lat' dir='ltr'><strong>arma.</strong></span> <span class='ocrx_word' id='word_1_53' title='bbox 1299 1127 1308 1294; x_wconf 53' lang='lat' dir='ltr'><strong>l</strong></span> 
     </span>
    </p>

    <p class='ocr_par' dir='ltr' id='par_1_5' title="bbox 204 1260 1175 1542">
     <span class='ocr_line' id='line_1_9' title="bbox 248 1260 1174 1347; baseline 0.002 -22"><span class='ocrx_word' id='word_1_54' title='bbox 248 1260 380 1337; x_wconf 73' lang='lat' dir='ltr'><strong>Quodsi</strong></span> <span class='ocrx_word' id='word_1_55' title='bbox 395 1284 464 1325; x_wconf 89' lang='lat' dir='ltr'><strong>vera</strong></span> <span class='ocrx_word' id='word_1_56' title='bbox 477 1264 546 1326; x_wconf 91' lang='lat' dir='ltr'><strong>licet</strong></span> <span class='ocrx_word' id='word_1_57' title='bbox 560 1264 632 1325; x_wconf 92' lang='lat' dir='ltr'><strong>mihi</strong></span> <span class='ocrx_word' id='word_1_58' title='bbox 647 1264 763 1340; x_wconf 82' lang='lat' dir='ltr'><strong>dicere3</strong></span> <span class='ocrx_word' id='word_1_59' title='bbox 786 1264 921 1347; x_wconf 81' lang='lat' dir='ltr'><strong>queritur</strong></span> <span class='ocrx_word' id='word_1_60' title='bbox 933 1263 1004 1341; x_wconf 89' lang='lat' dir='ltr'><strong>istis,</strong></span> <span class='ocrx_word' id='word_1_61' title='bbox 1131 1266 1174 1327; x_wconf 79' lang='lat'><strong>95</strong></span> 
     </span>
     <span class='ocr_line' id='line_1_10' title="bbox 205 1358 1175 1444; baseline -0.001 -22"><span class='ocrx_word' id='word_1_62' title='bbox 205 1358 308 1433; x_wconf 68' lang='lat' dir='ltr'><strong>Quem</strong></span> <span class='ocrx_word' id='word_1_63' title='bbox 322 1361 405 1437; x_wconf 90' lang='lat' dir='ltr'><strong>mihi,</strong></span> <span class='ocrx_word' id='word_1_64' title='bbox 420 1360 512 1444; x_wconf 84' lang='lat' dir='ltr'><strong>major</strong></span> <span class='ocrx_word' id='word_1_65' title='bbox 526 1361 638 1422; x_wconf 88' lang='lat' dir='ltr'><strong>honos:</strong></span> <span class='ocrx_word' id='word_1_66' title='bbox 653 1358 885 1443; x_wconf 87' lang='lat' dir='ltr'><strong>&#39;conjunctaque</strong></span> <span class='ocrx_word' id='word_1_67' title='bbox 900 1360 991 1441; x_wconf 87' lang='lat' dir='ltr'><strong>gloria</strong></span> <span class='ocrx_word' id='word_1_68' title='bbox 1004 1372 1103 1421; x_wconf 88' lang='lat' dir='ltr'><strong>nostra</strong></span> <span class='ocrx_word' id='word_1_69' title='bbox 1118 1374 1175 1436; x_wconf 91' lang='lat' dir='ltr'><strong>est,</strong></span> 
     </span>
     <span class='ocr_line' id='line_1_11' title="bbox 204 1456 947 1542; baseline -0.003 -23"><span class='ocrx_word' id='word_1_70' title='bbox 204 1456 307 1541; x_wconf 86' lang='lat' dir='ltr'><strong>Atque</strong></span> <span class='ocrx_word' id='word_1_71' title='bbox 321 1456 403 1542; x_wconf 84' lang='lat' dir='ltr'><strong>Ajax</strong></span> <span class='ocrx_word' id='word_1_72' title='bbox 417 1457 514 1533; x_wconf 88' lang='lat' dir='ltr'><strong>armis,</strong></span> <span class='ocrx_word' id='word_1_73' title='bbox 529 1478 588 1519; x_wconf 90' lang='lat' dir='ltr'><strong>non</strong></span> <span class='ocrx_word' id='word_1_74' title='bbox 603 1456 690 1540; x_wconf 71' lang='lat' dir='ltr'><strong>Ajaci</strong></span> <span class='ocrx_word' id='word_1_75' title='bbox 705 1477 786 1518; x_wconf 90' lang='lat' dir='ltr'><strong>arma</strong></span> <span class='ocrx_word' id='word_1_76' title='bbox 796 1468 947 1539; x_wconf 85' lang='lat' dir='ltr'><strong>petuntur.</strong></span> 
     </span>
    </p>

    <p class='ocr_par' dir='ltr' id='par_1_6' title="bbox 204 1550 1176 1916">
     <span class='ocr_line' id='line_1_12' title="bbox 248 1550 1118 1635; baseline -0.003 -20"><span class='ocrx_word' id='word_1_77' title='bbox 248 1552 391 1615; x_wconf 85' lang='lat' dir='ltr'><strong>Conferat</strong></span> <span class='ocrx_word' id='word_1_78' title='bbox 405 1553 449 1615; x_wconf 89' lang='lat' dir='ltr'><strong>his</strong></span> <span class='ocrx_word' id='word_1_79' title='bbox 464 1552 584 1615; x_wconf 81' lang='lat' dir='ltr'><strong>Ithacus</strong></span> <span class='ocrx_word' id='word_1_80' title='bbox 597 1550 748 1629; x_wconf 80' lang='lat' dir='ltr'><strong>Rhesum,</strong></span> <span class='ocrx_word' id='word_1_81' title='bbox 763 1553 973 1635; x_wconf 87' lang='lat' dir='ltr'><strong>imbellemque</strong></span> <span class='ocrx_word' id='word_1_82' title='bbox 987 1551 1118 1628; x_wconf 85' lang='lat' dir='ltr'><strong>Dolona,</strong></span> 
     </span>
     <span class='ocr_line' id='line_1_13' title="bbox 204 1646 1109 1733; baseline -0.002 -22"><span class='ocrx_word' id='word_1_83' title='bbox 204 1646 431 1732; x_wconf 82' lang='lat' dir='ltr'><strong>Priamidenque</strong></span> <span class='ocrx_word' id='word_1_84' title='bbox 447 1646 597 1710; x_wconf 91' lang='lat' dir='ltr'><strong>Helenum</strong></span> <span class='ocrx_word' id='word_1_85' title='bbox 611 1648 696 1731; x_wconf 68' lang='lat' dir='ltr'><strong>rapti</strong></span> <span class='ocrx_word' id='word_1_86' title='bbox 709 1670 779 1711; x_wconf 90' lang='lat' dir='ltr'><strong>cum</strong></span> <span class='ocrx_word' id='word_1_87' title='bbox 793 1647 918 1709; x_wconf 83' lang='lat' dir='ltr'><strong>Pallade</strong></span> <span class='ocrx_word' id='word_1_88' title='bbox 932 1660 1071 1731; x_wconf 58' lang='lat' dir='ltr'><strong>captum,</strong></span> <span class='ocrx_word' id='word_1_89' title='bbox 1106 1728 1109 1733; x_wconf 83' lang='lat'><em>.</em></span> 
     </span>
     <span class='ocr_line' id='line_1_14' title="bbox 205 1737 1176 1829; baseline 0 -23"><span class='ocrx_word' id='word_1_90' title='bbox 205 1743 290 1807; x_wconf 89' lang='lat' dir='ltr'><strong>Luce</strong></span> <span class='ocrx_word' id='word_1_91' title='bbox 305 1744 377 1807; x_wconf 88' lang='lat' dir='ltr'><strong>nihil</strong></span> <span class='ocrx_word' id='word_1_92' title='bbox 392 1758 518 1826; x_wconf 84' lang='lat' dir='ltr'><strong>gestum,</strong></span> <span class='ocrx_word' id='word_1_93' title='bbox 532 1743 605 1805; x_wconf 92' lang='lat' dir='ltr'><strong>nihil</strong></span> <span class='ocrx_word' id='word_1_94' title='bbox 621 1754 666 1805; x_wconf 78' lang='lat' dir='ltr'><strong>e&#39;st</strong></span> <span class='ocrx_word' id='word_1_95' title='bbox 676 1737 830 1806; x_wconf 83' lang='lat' dir='ltr'><strong>Diomede</strong></span> <span class='ocrx_word' id='word_1_96' title='bbox 844 1757 975 1807; x_wconf 86' lang='lat' dir='ltr'><strong>remoto:</strong></span> <span class='ocrx_word' id='word_1_97' title='bbox 1035 1792 1044 1811; x_wconf 84' lang='lat'><strong>.</strong></span> <span class='ocrx_word' id='word_1_98' title='bbox 1114 1746 1176 1829; x_wconf 81' lang='lat' dir='ltr'><strong>l00</strong></span> 
     </span>
     <span class='ocr_line' id='line_1_15' title="bbox 206 1838 933 1916; baseline -0.003 -13"><span class='ocrx_word' id='word_1_99' title='bbox 206 1840 239 1903; x_wconf 92' lang='lat' dir='ltr'><strong>Si</strong></span> <span class='ocrx_word' id='word_1_100' title='bbox 253 1840 345 1903; x_wconf 89' lang='lat' dir='ltr'><strong>semel</strong></span> <span class='ocrx_word' id='word_1_101' title='bbox 359 1840 414 1903; x_wconf 85' lang='lat' dir='ltr'><strong>ista</strong></span> <span class='ocrx_word' id='word_1_102' title='bbox 428 1840 502 1903; x_wconf 84' lang='lat' dir='ltr'><strong>datis</strong></span> <span class='ocrx_word' id='word_1_103' title='bbox 516 1840 625 1902; x_wconf 89' lang='lat' dir='ltr'><strong>meritis</strong></span> <span class='ocrx_word' id='word_1_104' title='bbox 640 1853 702 1902; x_wconf 91' lang='lat' dir='ltr'><strong>tam</strong></span> <span class='ocrx_word' id='word_1_105' title='bbox 716 1838 820 1903; x_wconf 88' lang='lat' dir='ltr'><strong>vilibus</strong></span> <span class='ocrx_word' id='word_1_106' title='bbox 835 1861 916 1901; x_wconf 92' lang='lat' dir='ltr'><strong>arma</strong></span> <span class='ocrx_word' id='word_1_107' title='bbox 924 1862 933 1916; x_wconf 91' lang='lat'>;</span> 
     </span>
    </p>

    <p class='ocr_par' dir='ltr' id='par_1_7' title="bbox 206 1934 941 2020">
     <span class='ocr_line' id='line_1_16' title="bbox 206 1934 941 2020; baseline 0 -21"><span class='ocrx_word' id='word_1_108' title='bbox 206 1934 355 1999; x_wconf 89' lang='lat' dir='ltr'><strong>Dividite:</strong></span> <span class='ocrx_word' id='word_1_109' title='bbox 379 1950 410 1999; x_wconf 89' lang='lat' dir='ltr'><strong>et</strong></span> <span class='ocrx_word' id='word_1_110' title='bbox 423 1936 517 2020; x_wconf 84' lang='lat' dir='ltr'><strong>major</strong></span> <span class='ocrx_word' id='word_1_111' title='bbox 530 1956 597 2019; x_wconf 87' lang='lat' dir='ltr'><strong>pars</strong></span> <span class='ocrx_word' id='word_1_112' title='bbox 610 1937 647 2009; x_wconf 83' lang='lat' dir='ltr'><strong>sit</strong></span> <span class='ocrx_word' id='word_1_113' title='bbox 662 1934 820 1998; x_wconf 89' lang='lat' dir='ltr'><strong>Diomedis</strong></span> <span class='ocrx_word' id='word_1_114' title='bbox 832 1936 862 1998; x_wconf 91' lang='lat' dir='ltr'><strong>in</strong></span> <span class='ocrx_word' id='word_1_115' title='bbox 875 1937 941 1999; x_wconf 88' lang='lat' dir='ltr'><strong>illis.</strong></span> 
     </span>
    </p>

    <p class='ocr_par' dir='ltr' id='par_1_8' title="bbox 204 2031 1198 2686">
     <span class='ocr_line' id='line_1_17' title="bbox 249 2031 1155 2114; baseline -0.001 -21"><span class='ocrx_word' id='word_1_116' title='bbox 249 2031 322 2106; x_wconf 79' lang='lat' dir='ltr'><strong>Quo</strong></span> <span class='ocrx_word' id='word_1_117' title='bbox 337 2046 435 2094; x_wconf 88' lang='lat' dir='ltr'><strong>tamen</strong></span> <span class='ocrx_word' id='word_1_118' title='bbox 450 2033 514 2094; x_wconf 82' lang='lat' dir='ltr'><strong>haec</strong></span> <span class='ocrx_word' id='word_1_119' title='bbox 529 2032 652 2094; x_wconf 86' lang='lat' dir='ltr'><strong>Ithaco?</strong></span> <span class='ocrx_word' id='word_1_120' title='bbox 675 2032 725 2114; x_wconf 87' lang='lat' dir='ltr'><strong>qui</strong></span> <span class='ocrx_word' id='word_1_121' title='bbox 739 2032 828 2107; x_wconf 82' lang='lat' dir='ltr'><strong>clhm,</strong></span> <span class='ocrx_word' id='word_1_122' title='bbox 843 2032 893 2114; x_wconf 85' lang='lat' dir='ltr'><strong>qui</strong></span> <span class='ocrx_word' id='word_1_123' title='bbox 907 2052 1025 2113; x_wconf 86' lang='lat' dir='ltr'><strong>semper</strong></span> <span class='ocrx_word' id='word_1_124' title='bbox 1038 2031 1155 2093; x_wconf 72' lang='lat' dir='ltr'><strong>inermis</strong></span> 
     </span>
     <span class='ocr_line' id='line_1_18' title="bbox 206 2124 985 2212; baseline 0.001 -24"><span class='ocrx_word' id='word_1_125' title='bbox 206 2124 286 2189; x_wconf 89' lang='lat' dir='ltr'><strong>Rem</strong></span> <span class='ocrx_word' id='word_1_126' title='bbox 301 2126 392 2208; x_wconf 83' lang='lat' dir='ltr'><strong>gerit:</strong></span> <span class='ocrx_word' id='word_1_127' title='bbox 415 2134 446 2188; x_wconf 87' lang='lat' dir='ltr'><strong>et</strong></span> <span class='ocrx_word' id='word_1_128' title='bbox 461 2125 706 2212; x_wconf 81' lang='lat' dir='ltr'><strong>fi1rtisinceutum</strong></span> <span class='ocrx_word' id='word_1_129' title='bbox 721 2126 832 2208; x_wconf 88' lang='lat' dir='ltr'><strong>decipit</strong></span> <span class='ocrx_word' id='word_1_130' title='bbox 847 2128 985 2189; x_wconf 87' lang='lat' dir='ltr'><strong>hostem?</strong></span> 
     </span>
     <span class='ocr_line' id='line_1_19' title="bbox 205 2219 1177 2305; baseline -0.001 -22"><span class='ocrx_word' id='word_1_131' title='bbox 205 2221 274 2304; x_wconf 88' lang='lat' dir='ltr'><strong>lpse</strong></span> <span class='ocrx_word' id='word_1_132' title='bbox 289 2222 365 2283; x_wconf 85' lang='lat' dir='ltr'><strong>nitor</strong></span> <span class='ocrx_word' id='word_1_133' title='bbox 378 2221 481 2302; x_wconf 85' lang='lat' dir='ltr'><strong>galeae,</strong></span> <span class='ocrx_word' id='word_1_134' title='bbox 497 2220 576 2305; x_wconf 83' lang='lat' dir='ltr'><strong>claro</strong></span> <span class='ocrx_word' id='word_1_135' title='bbox 590 2219 726 2281; x_wconf 88' lang='lat' dir='ltr'><strong>radiantis</strong></span> <span class='ocrx_word' id='word_1_136' title='bbox 741 2220 779 2281; x_wconf 86' lang='lat' dir='ltr'><strong>ab</strong></span> <span class='ocrx_word' id='word_1_137' title='bbox 794 2241 876 2295; x_wconf 86' lang='lat' dir='ltr'><strong>auro,</strong></span> <span class='ocrx_word' id='word_1_138' title='bbox 1115 2222 1177 2282; x_wconf 79' lang='grc'><strong>105</strong></span> 
     </span>
     <span class='ocr_line' id='line_1_20' title="bbox 205 2315 1198 2401; baseline -0.005 -21"><span class='ocrx_word' id='word_1_139' title='bbox 205 2316 326 2380; x_wconf 87' lang='lat' dir='ltr'><strong>Insidias</strong></span> <span class='ocrx_word' id='word_1_140' title='bbox 341 2317 455 2401; x_wconf 78' lang='lat' dir='ltr'><strong>prodet,</strong></span> <span class='ocrx_word' id='word_1_141' title='bbox 470 2315 725 2399; x_wconf 86' lang='lat' dir='ltr'><strong>manifestabitque</strong></span> <span class='ocrx_word' id='word_1_142' title='bbox 739 2316 889 2377; x_wconf 87' lang='lat' dir='ltr'><strong>latentem.</strong></span> <span class='ocrx_word' id='word_1_143' title='bbox 905 2320 909 2325; x_wconf 78' lang='grc'><em>“</em></span> <span class='ocrx_word' id='word_1_144' title='bbox 1077 2384 1081 2390; x_wconf 43' lang='grc'><em>,</em></span> <span class='ocrx_word' id='word_1_145' title='bbox 1193 2318 1198 2325; x_wconf 88' lang='grc'><em>“</em></span> 
     </span>
     <span class='ocr_line' id='line_1_21' title="bbox 205 2410 1007 2496; baseline -0.002 -21"><span class='ocrx_word' id='word_1_146' title='bbox 205 2410 267 2478; x_wconf 87' lang='lat' dir='ltr'><strong>Sed</strong></span> <span class='ocrx_word' id='word_1_147' title='bbox 281 2433 379 2496; x_wconf 89' lang='lat' dir='ltr'><strong>neque</strong></span> <span class='ocrx_word' id='word_1_148' title='bbox 393 2411 551 2474; x_wconf 88' lang='lat' dir='ltr'><strong>Dulichius</strong></span> <span class='ocrx_word' id='word_1_149' title='bbox 565 2412 619 2473; x_wconf 90' lang='lat' dir='ltr'><strong>sub</strong></span> <span class='ocrx_word' id='word_1_150' title='bbox 634 2410 759 2473; x_wconf 90' lang='lat' dir='ltr'><strong>Achillis</strong></span> <span class='ocrx_word' id='word_1_151' title='bbox 772 2411 887 2473; x_wconf 83' lang='lat' dir='ltr'><strong>casside</strong></span> <span class='ocrx_word' id='word_1_152' title='bbox 903 2425 1007 2473; x_wconf 82' lang='lat' dir='ltr'><strong>vertex</strong></span> 
     </span>
     <span class='ocr_line' id='line_1_22' title="bbox 204 2506 1006 2591; baseline -0.001 -21"><span class='ocrx_word' id='word_1_153' title='bbox 204 2508 344 2571; x_wconf 79' lang='lat' dir='ltr'><strong>Pondere</strong></span> <span class='ocrx_word' id='word_1_154' title='bbox 357 2520 438 2571; x_wconf 85' lang='lat' dir='ltr'><strong>tanta</strong></span> <span class='ocrx_word' id='word_1_155' title='bbox 453 2506 542 2570; x_wconf 86' lang='lat' dir='ltr'><strong>seret:</strong></span> <span class='ocrx_word' id='word_1_156' title='bbox 566 2529 622 2570; x_wconf 92' lang='lat' dir='ltr'><strong>nec</strong></span> <span class='ocrx_word' id='word_1_157' title='bbox 636 2528 695 2569; x_wconf 91' lang='lat' dir='ltr'><strong>non</strong></span> <span class='ocrx_word' id='word_1_158' title='bbox 711 2528 835 2569; x_wconf 86' lang='lat' dir='ltr'><strong>onerosa</strong></span> <span class='ocrx_word' id='word_1_159' title='bbox 852 2508 1006 2591; x_wconf 80' lang='lat' dir='ltr'><strong>gravisque</strong></span> 
     </span>
     <span class='ocr_line' id='line_1_23' title="bbox 204 2602 924 2686; baseline -0.003 -20"><span class='ocrx_word' id='word_1_160' title='bbox 204 2604 304 2667; x_wconf 88' lang='lat' dir='ltr'><strong>Pelias</strong></span> <span class='ocrx_word' id='word_1_161' title='bbox 319 2624 384 2666; x_wconf 87' lang='lat' dir='ltr'><strong>esse</strong></span> <span class='ocrx_word' id='word_1_162' title='bbox 399 2616 496 2686; x_wconf 90' lang='lat' dir='ltr'><strong>potest</strong></span> <span class='ocrx_word' id='word_1_163' title='bbox 511 2602 676 2665; x_wconf 87' lang='lat' dir='ltr'><strong>imbellibus</strong></span> <span class='ocrx_word' id='word_1_164' title='bbox 691 2603 775 2665; x_wconf 84' lang='lat' dir='ltr'><strong>hasta</strong></span> <span class='ocrx_word' id='word_1_165' title='bbox 788 2603 924 2665; x_wconf 89' lang='lat' dir='ltr'><strong>lacertis:</strong></span> 
     </span>
    </p>

    <p class='ocr_par' dir='ltr' id='par_1_9' title="bbox 204 2697 1177 2976">
     <span class='ocr_line' id='line_1_24' title="bbox 205 2697 1177 2783; baseline 0 -20"><span class='ocrx_word' id='word_1_166' title='bbox 205 2698 235 2763; x_wconf 94' lang='lat' dir='ltr'>N</span> <span class='ocrx_word' id='word_1_167' title='bbox 237 2720 273 2763; x_wconf 87' lang='lat' dir='ltr'><strong>ec</strong></span> <span class='ocrx_word' id='word_1_168' title='bbox 286 2701 422 2783; x_wconf 88' lang='lat' dir='ltr'><strong>clypeus,</strong></span> <span class='ocrx_word' id='word_1_169' title='bbox 439 2700 512 2761; x_wconf 82' lang='lat' dir='ltr'><strong>vasti</strong></span> <span class='ocrx_word' id='word_1_170' title='bbox 526 2700 644 2762; x_wconf 80' lang='lat' dir='ltr'><strong>celatus</strong></span> <span class='ocrx_word' id='word_1_171' title='bbox 659 2700 787 2781; x_wconf 83' lang='lat' dir='ltr'><strong>imagine</strong></span> <span class='ocrx_word' id='word_1_172' title='bbox 803 2697 916 2775; x_wconf 85' lang='lat' dir='ltr'><strong>mundi,</strong></span> <span class='ocrx_word' id='word_1_173' title='bbox 1115 2702 1177 2763; x_wconf 36' lang='lat'><em>1110</em></span> 
     </span>
     <span class='ocr_line' id='line_1_25' title="bbox 205 2795 941 2879; baseline -0.004 -20"><span class='ocrx_word' id='word_1_174' title='bbox 205 2796 374 2859; x_wconf 89' lang='lat' dir='ltr'><strong>Conveniet</strong></span> <span class='ocrx_word' id='word_1_175' title='bbox 388 2796 506 2872; x_wconf 80' lang='lat' dir='ltr'><strong>timidae,</strong></span> <span class='ocrx_word' id='word_1_176' title='bbox 521 2809 654 2879; x_wconf 82' lang='lat' dir='ltr'><strong>nataeque</strong></span> <span class='ocrx_word' id='word_1_177' title='bbox 670 2795 707 2857; x_wconf 90' lang='lat' dir='ltr'><strong>ad</strong></span> <span class='ocrx_word' id='word_1_178' title='bbox 722 2795 798 2857; x_wconf 83' lang='lat' dir='ltr'><strong>liuta</strong></span> <span class='ocrx_word' id='word_1_179' title='bbox 811 2796 941 2858; x_wconf 78' lang='lat' dir='ltr'><strong>sinistre.</strong></span> 
     </span>
     <span class='ocr_line' id='line_1_26' title="bbox 204 2891 967 2976; baseline -0.005 -21"><span class='ocrx_word' id='word_1_180' title='bbox 204 2892 434 2955; x_wconf 88' lang='lat' dir='ltr'><strong>Debilitaturum</strong></span> <span class='ocrx_word' id='word_1_181' title='bbox 449 2892 520 2976; x_wconf 91' lang='lat' dir='ltr'><strong>quid</strong></span> <span class='ocrx_word' id='word_1_182' title='bbox 534 2905 564 2955; x_wconf 90' lang='lat' dir='ltr'><strong>te</strong></span> <span class='ocrx_word' id='word_1_183' title='bbox 580 2893 667 2975; x_wconf 87' lang='lat' dir='ltr'><strong>petis,</strong></span> <span class='ocrx_word' id='word_1_184' title='bbox 682 2892 825 2974; x_wconf 88' lang='lat' dir='ltr'><strong>improbe,</strong></span> <span class='ocrx_word' id='word_1_185' title='bbox 839 2891 967 2954; x_wconf 77' lang='lat' dir='ltr'><strong>munus?</strong></span> 
     </span>
    </p>

    <p class='ocr_par' dir='ltr' id='par_1_10' title="bbox 205 2988 1031 3073">
     <span class='ocr_line' id='line_1_27' title="bbox 205 2988 1031 3073; baseline -0.002 -22"><span class='ocrx_word' id='word_1_186' title='bbox 205 2988 298 3063; x_wconf 85' lang='lat' dir='ltr'><strong>Quod</strong></span> <span class='ocrx_word' id='word_1_187' title='bbox 313 2990 364 3052; x_wconf 92' lang='lat' dir='ltr'><strong>tibi</strong></span> <span class='ocrx_word' id='word_1_188' title='bbox 378 2990 402 3054; x_wconf 91' lang='lat' dir='ltr'><strong>si</strong></span> <span class='ocrx_word' id='word_1_189' title='bbox 417 2990 519 3073; x_wconf 89' lang='lat' dir='ltr'><strong>populi</strong></span> <span class='ocrx_word' id='word_1_190' title='bbox 534 2989 685 3052; x_wconf 82' lang='lat' dir='ltr'><strong>donaverit</strong></span> <span class='ocrx_word' id='word_1_191' title='bbox 700 3010 778 3052; x_wconf 88' lang='lat' dir='ltr'><strong>error</strong></span> <span class='ocrx_word' id='word_1_192' title='bbox 792 2989 911 3063; x_wconf 81' lang='lat' dir='ltr'><strong>Achivi,</strong></span> <span class='ocrx_word' id='word_1_193' title='bbox 1027 3032 1031 3038; x_wconf 37' lang='lat'><strong><em>⁴</em></strong></span> 
     </span>
    </p>

    <p class='ocr_par' dir='ltr' id='par_1_11' title="bbox 205 3085 985 3170">
     <span class='ocr_line' id='line_1_28' title="bbox 205 3085 985 3170; baseline -0.001 -21"><span class='ocrx_word' id='word_1_194' title='bbox 205 3086 270 3149; x_wconf 83' lang='lat' dir='ltr'><strong>cur</strong></span> <span class='ocrx_word' id='word_1_195' title='bbox 283 3087 424 3170; x_wconf 88' lang='lat' dir='ltr'><strong>spolieris,</strong></span> <span class='ocrx_word' id='word_1_196' title='bbox 440 3088 511 3162; x_wconf 84' lang='lat' dir='ltr'><strong>en&#39;t3</strong></span> <span class='ocrx_word' id='word_1_197' title='bbox 533 3108 603 3163; x_wconf 88' lang='lat' dir='ltr'><strong>non,</strong></span> <span class='ocrx_word' id='word_1_198' title='bbox 618 3108 672 3149; x_wconf 90' lang='lat' dir='ltr'><strong>cur</strong></span> <span class='ocrx_word' id='word_1_199' title='bbox 685 3086 823 3148; x_wconf 89' lang='lat' dir='ltr'><strong>metuaris</strong></span> <span class='ocrx_word' id='word_1_200' title='bbox 838 3086 875 3147; x_wconf 89' lang='lat' dir='ltr'><strong>ab</strong></span> <span class='ocrx_word' id='word_1_201' title='bbox 889 3085 985 3148; x_wconf 87' lang='lat' dir='ltr'><strong>hoste.</strong></span> 
     </span>
    </p>

    <p class='ocr_par' dir='ltr' id='par_1_12' title="bbox 170 3181 973 3268">
     <span class='ocr_line' id='line_1_29' title="bbox 170 3181 973 3268; baseline -0.002 -23"><span class='ocrx_word' id='word_1_202' title='bbox 170 3218 174 3226; x_wconf 92' lang='lat'>·</span> <span class='ocrx_word' id='word_1_203' title='bbox 206 3182 247 3246; x_wconf 83' lang='lat' dir='ltr'><strong>Et</strong></span> <span class='ocrx_word' id='word_1_204' title='bbox 262 3182 328 3264; x_wconf 76' lang='lat' dir='ltr'><strong>tuga</strong></span> <span class='ocrx_word' id='word_1_205' title='bbox 347 3182 423 3268; x_wconf 75' lang='lat' dir='ltr'><strong>(qui</strong></span> <span class='ocrx_word' id='word_1_206' title='bbox 435 3182 499 3243; x_wconf 70' lang='lat' dir='ltr'><strong>sold</strong></span> <span class='ocrx_word' id='word_1_207' title='bbox 513 3196 645 3257; x_wconf 56' lang='lat' dir='ltr'><strong>eunome</strong></span> <span class='ocrx_word' id='word_1_208' title='bbox 661 3182 851 3257; x_wconf 89' lang='lat' dir='ltr'><strong>timidissime,</strong></span> <span class='ocrx_word' id='word_1_209' title='bbox 868 3181 973 3265; x_wconf 89' lang='lat' dir='ltr'><strong>vincis)</strong></span> 
     </span>
    </p>

    <p class='ocr_par' dir='ltr' id='par_1_13' title="bbox 206 3277 1038 3359">
     <span class='ocr_line' id='line_1_30' title="bbox 206 3277 1038 3359; baseline -0.001 -18"><span class='ocrx_word' id='word_1_210' title='bbox 206 3278 306 3342; x_wconf 84' lang='lat' dir='ltr'><strong>Tarda</strong></span> <span class='ocrx_word' id='word_1_211' title='bbox 320 3278 417 3341; x_wconf 89' lang='lat' dir='ltr'><strong>sutura</strong></span> <span class='ocrx_word' id='word_1_212' title='bbox 431 3278 482 3339; x_wconf 86' lang='lat' dir='ltr'><strong>tibi</strong></span> <span class='ocrx_word' id='word_1_213' title='bbox 496 3291 551 3353; x_wconf 89' lang='lat' dir='ltr'><strong>est,</strong></span> <span class='ocrx_word' id='word_1_214' title='bbox 567 3278 728 3359; x_wconf 83' lang='lat' dir='ltr'><strong>gestamina</strong></span> <span class='ocrx_word' id='word_1_215' title='bbox 742 3290 823 3339; x_wconf 84' lang='lat' dir='ltr'><strong>tanta</strong></span> <span class='ocrx_word' id='word_1_216' title='bbox 836 3277 973 3340; x_wconf 88' lang='lat' dir='ltr'><strong>trahenti.</strong></span> <span class='ocrx_word' id='word_1_217' title='bbox 1035 3294 1038 3299; x_wconf 88' lang='grc'><em>·</em></span> 
     </span>
    </p>

    <p class='ocr_par' dir='ltr' id='par_1_14' title="bbox 206 3372 964 3460">
     <span class='ocr_line' id='line_1_31' title="bbox 206 3372 964 3460; baseline -0.001 -23"><span class='ocrx_word' id='word_1_218' title='bbox 206 3376 308 3452; x_wconf 82' lang='lat' dir='ltr'><strong>Adde,</strong></span> <span class='ocrx_word' id='word_1_219' title='bbox 323 3375 402 3460; x_wconf 84' lang='lat' dir='ltr'><strong>qudd</strong></span> <span class='ocrx_word' id='word_1_220' title='bbox 416 3376 470 3455; x_wconf 85' lang='lat' dir='ltr'><strong>iste</strong></span> <span class='ocrx_word' id='word_1_221' title='bbox 485 3388 563 3450; x_wconf 88' lang='lat' dir='ltr'><strong>tuus,</strong></span> <span class='ocrx_word' id='word_1_222' title='bbox 578 3387 639 3435; x_wconf 85' lang='lat' dir='ltr'><strong>tam</strong></span> <span class='ocrx_word' id='word_1_223' title='bbox 653 3372 719 3435; x_wconf 84' lang='lat' dir='ltr'><strong>rard</strong></span> <span class='ocrx_word' id='word_1_224' title='bbox 733 3374 836 3456; x_wconf 88' lang='lat' dir='ltr'><strong>p&#39;roelia</strong></span> <span class='ocrx_word' id='word_1_225' title='bbox 851 3395 964 3456; x_wconf 88' lang='lat' dir='ltr'><strong>passus,</strong></span> 
     </span>
    </p>

    <p class='ocr_par' dir='ltr' id='par_1_15' title="bbox 206 3468 996 3554">
     <span class='ocr_line' id='line_1_32' title="bbox 206 3468 996 3554; baseline -0.001 -19"><span class='ocrx_word' id='word_1_226' title='bbox 206 3471 327 3553; x_wconf 85' lang='lat' dir='ltr'><strong>Integer</strong></span> <span class='ocrx_word' id='word_1_227' title='bbox 338 3485 383 3535; x_wconf 89' lang='lat' dir='ltr'><strong>est</strong></span> <span class='ocrx_word' id='word_1_228' title='bbox 396 3472 537 3553; x_wconf 88' lang='lat' dir='ltr'><strong>clypeus:</strong></span> <span class='ocrx_word' id='word_1_229' title='bbox 560 3482 669 3546; x_wconf 82' lang='lat' dir='ltr'><strong>nostro,</strong></span> <span class='ocrx_word' id='word_1_230' title='bbox 684 3469 734 3553; x_wconf 91' lang='lat' dir='ltr'><strong>qui</strong></span> <span class='ocrx_word' id='word_1_231' title='bbox 748 3469 809 3533; x_wconf 88' lang='lat' dir='ltr'><strong>tela</strong></span> <span class='ocrx_word' id='word_1_232' title='bbox 822 3468 944 3534; x_wconf 86' lang='lat' dir='ltr'><strong>serendo</strong></span> <span class='ocrx_word' id='word_1_233' title='bbox 994 3551 996 3554; x_wconf 16' lang='grc' dir='ltr'>Ι</span> 
     </span>
    </p>
   </div>
   <div class='ocr_carea' id='block_1_3' title="bbox 0 0 1324 4259">
    <p class='ocr_par' dir='ltr' id='par_1_16' title="bbox 0 0 1324 4259">
     <span class='ocr_line' id='line_1_33' title="bbox 0 0 1324 4259; baseline 0 0"><span class='ocrx_word' id='word_1_234' title='bbox 0 0 1324 4259; x_wconf 95' lang='lat' dir='ltr'><strong> </strong></span> 
     </span>
    </p>
   </div>
  </div>
 </body>
</html>
