<?xml version="1.0" encoding="UTF-8"?>
<!DOCTYPE html PUBLIC "-//W3C//DTD XHTML 1.0 Transitional//EN"
    "http://www.w3.org/TR/xhtml1/DTD/xhtml1-transitional.dtd">
<html xmlns="http://www.w3.org/1999/xhtml" xml:lang="en" lang="en">
 <head>
  <title>
</title>
<meta http-equiv="Content-Type" content="text/html;charset=utf-8" />
  <meta name='ocr-system' content='tesseract 3.04.00' />
  <meta name='ocr-capabilities' content='ocr_page ocr_carea ocr_par ocr_line ocrx_word'/>
</head>
<body>
  <div class='ocr_page' id='page_1' title='image "./excerptaexscrip01goulgoog_0131.png"; bbox 0 0 2634 4259; ppageno 0'>
   <div class='ocr_carea' id='block_1_1' title="bbox 549 409 771 489">
    <p class='ocr_par' dir='ltr' id='par_1_1' title="bbox 549 409 771 489">
     <span class='ocr_line' id='line_1_1' title="bbox 549 409 771 489; baseline 0.005 -30"><span class='ocrx_word' id='word_1_1' title='bbox 549 410 654 489; x_wconf 71' lang='lat' dir='ltr'><strong>alena</strong></span> <span class='ocrx_word' id='word_1_2' title='bbox 678 409 771 460; x_wconf 59' lang='lat' dir='ltr'><strong>xm(</strong></span> 
     </span>
    </p>
   </div>
   <div class='ocr_carea' id='block_1_2' title="bbox 90 558 1142 3626">
    <p class='ocr_par' dir='ltr' id='par_1_2' title="bbox 164 558 844 623">
     <span class='ocr_line' id='line_1_2' title="bbox 164 558 844 623; baseline -0.001 -2"><span class='ocrx_word' id='word_1_3' title='bbox 164 558 269 623; x_wconf 89' lang='lat' dir='ltr'><strong>Mallet</strong></span> <span class='ocrx_word' id='word_1_4' title='bbox 284 573 316 621; x_wconf 88' lang='lat' dir='ltr'><strong>et</strong></span> <span class='ocrx_word' id='word_1_5' title='bbox 329 558 432 621; x_wconf 83' lang='lat' dir='ltr'>infelix</span> <span class='ocrx_word' id='word_1_6' title='bbox 446 558 621 623; x_wconf 83' lang='lat' dir='ltr'>Palamedes</span> <span class='ocrx_word' id='word_1_7' title='bbox 636 580 702 620; x_wconf 88' lang='lat' dir='ltr'><strong>esse</strong></span> <span class='ocrx_word' id='word_1_8' title='bbox 713 558 844 620; x_wconf 89' lang='lat' dir='ltr'><strong>relictus.</strong></span> 
     </span>
    </p>

    <p class='ocr_par' dir='ltr' id='par_1_3' title="bbox 90 654 1142 1027">
     <span class='ocr_line' id='line_1_3' title="bbox 90 654 973 733; baseline -0.002 -15"><span class='ocrx_word' id='word_1_9' title='bbox 90 670 92 675; x_wconf 87' lang='grc'><strong>’</strong></span> <span class='ocrx_word' id='word_1_10' title='bbox 167 656 307 733; x_wconf 84' lang='lat' dir='ltr'><strong>Viveret3</strong></span> <span class='ocrx_word' id='word_1_11' title='bbox 330 671 380 717; x_wconf 88' lang='lat' dir='ltr'><strong>aut</strong></span> <span class='ocrx_word' id='word_1_12' title='bbox 393 656 473 719; x_wconf 77' lang='lat' dir='ltr'><strong>certe</strong></span> <span class='ocrx_word' id='word_1_13' title='bbox 488 655 580 717; x_wconf 91' lang='lat' dir='ltr'><strong>letum</strong></span> <span class='ocrx_word' id='word_1_14' title='bbox 595 656 657 717; x_wconf 90' lang='lat' dir='ltr'><strong>sine</strong></span> <span class='ocrx_word' id='word_1_15' title='bbox 672 654 793 717; x_wconf 90' lang='lat' dir='ltr'><strong>erimine</strong></span> <span class='ocrx_word' id='word_1_16' title='bbox 808 655 941 716; x_wconf 85' lang='lat' dir='ltr'><strong>haberet.</strong></span> <span class='ocrx_word' id='word_1_17' title='bbox 970 726 973 731; x_wconf 23' lang='lat'>¹</span> 
     </span>
     <span class='ocr_line' id='line_1_4' title="bbox 165 740 952 835; baseline -0.003 -20"><span class='ocrx_word' id='word_1_18' title='bbox 165 753 267 835; x_wconf 81' lang='lat' dir='ltr'><strong>Quem</strong></span> <span class='ocrx_word' id='word_1_19' title='bbox 281 753 360 815; x_wconf 77' lang='lat' dir='ltr'><strong>mal&#39;e</strong></span> <span class='ocrx_word' id='word_1_20' title='bbox 374 740 503 814; x_wconf 88' lang='lat' dir='ltr'><strong>convicti</strong></span> <span class='ocrx_word' id='word_1_21' title='bbox 515 752 638 815; x_wconf 73' lang='lat' dir='ltr'><strong>nimium</strong></span> <span class='ocrx_word' id='word_1_22' title='bbox 652 772 767 813; x_wconf 89' lang='lat' dir='ltr'><strong>mernor</strong></span> <span class='ocrx_word' id='word_1_23' title='bbox 780 752 835 813; x_wconf 90' lang='lat' dir='ltr'><strong>iste</strong></span> <span class='ocrx_word' id='word_1_24' title='bbox 850 750 952 813; x_wconf 79' lang='lat' dir='ltr'><strong>firroris</strong></span> 
     </span>
     <span class='ocr_line' id='line_1_5' title="bbox 165 847 974 931; baseline -0.001 -20"><span class='ocrx_word' id='word_1_25' title='bbox 165 849 295 913; x_wconf 83' lang='lat' dir='ltr'>Prodere</span> <span class='ocrx_word' id='word_1_26' title='bbox 311 870 375 911; x_wconf 89' lang='lat' dir='ltr'><strong>rem</strong></span> <span class='ocrx_word' id='word_1_27' title='bbox 390 848 526 910; x_wconf 82' lang='lat' dir='ltr'><strong>Danaam</strong></span> <span class='ocrx_word' id='word_1_28' title='bbox 539 847 641 910; x_wconf 84' lang='lat' dir='ltr'><strong>finxit&#39;:</strong></span> <span class='ocrx_word' id='word_1_29' title='bbox 665 849 825 930; x_wconf 86' lang='lat' dir='ltr'><strong>fictumque</strong></span> <span class='ocrx_word' id='word_1_30' title='bbox 841 848 974 931; x_wconf 78' lang='lat' dir='ltr'><strong>probavit</strong></span> 
     </span>
     <span class='ocr_line' id='line_1_6' title="bbox 165 942 1142 1027; baseline -0.008 -20"><span class='ocrx_word' id='word_1_31' title='bbox 165 944 299 1021; x_wconf 82' lang='lat' dir='ltr'>Crimen,</span> <span class='ocrx_word' id='word_1_32' title='bbox 315 959 345 1007; x_wconf 90' lang='lat' dir='ltr'><strong>et</strong></span> <span class='ocrx_word' id='word_1_33' title='bbox 359 944 496 1020; x_wconf 84' lang='lat' dir='ltr'>ostendit,</span> <span class='ocrx_word' id='word_1_34' title='bbox 512 942 590 1027; x_wconf 92' lang='lat' dir='ltr'><strong>quod</strong></span> <span class='ocrx_word' id='word_1_35' title='bbox 600 943 664 1027; x_wconf 86' lang='lat' dir='ltr'><strong>jam</strong></span> <span class='ocrx_word' id='word_1_36' title='bbox 683 942 865 1026; x_wconf 73' lang='lat' dir='ltr'><strong>praefoderat,</strong></span> <span class='ocrx_word' id='word_1_37' title='bbox 880 963 993 1006; x_wconf 87' lang='lat' dir='ltr'><strong>aurum.</strong></span> <span class='ocrx_word' id='word_1_38' title='bbox 1093 945 1142 1009; x_wconf 86' lang='grc'><strong>60.</strong></span> 
     </span>
    </p>

    <p class='ocr_par' dir='ltr' id='par_1_4' title="bbox 207 1036 870 1122">
     <span class='ocr_line' id='line_1_7' title="bbox 207 1036 870 1122; baseline -0.002 -20"><span class='ocrx_word' id='word_1_39' title='bbox 207 1040 290 1122; x_wconf 80' lang='lat' dir='ltr'><strong>Ergo</strong></span> <span class='ocrx_word' id='word_1_40' title='bbox 305 1055 355 1103; x_wconf 87' lang='lat' dir='ltr'><strong>aot</strong></span> <span class='ocrx_word' id='word_1_41' title='bbox 370 1040 474 1102; x_wconf 82' lang='lat' dir='ltr'><strong>exsilio</strong></span> <span class='ocrx_word' id='word_1_42' title='bbox 490 1042 567 1102; x_wconf 88' lang='lat' dir='ltr'><strong>vires</strong></span> <span class='ocrx_word' id='word_1_43' title='bbox 581 1036 721 1102; x_wconf 83' lang='lat' dir='ltr'><strong>subduxit</strong></span> <span class='ocrx_word' id='word_1_44' title='bbox 735 1040 870 1116; x_wconf 89' lang='lat' dir='ltr'><strong>Achivis,</strong></span> 
     </span>
    </p>

    <p class='ocr_par' dir='ltr' id='par_1_5' title="bbox 165 1135 1138 3626">
     <span class='ocr_line' id='line_1_8' title="bbox 166 1135 1029 1222; baseline -0.001 -23"><span class='ocrx_word' id='word_1_45' title='bbox 166 1138 229 1199; x_wconf 90' lang='lat' dir='ltr'><strong>Aut</strong></span> <span class='ocrx_word' id='word_1_46' title='bbox 244 1158 330 1200; x_wconf 90' lang='lat' dir='ltr'><strong>nece.</strong></span> <span class='ocrx_word' id='word_1_47' title='bbox 374 1137 424 1199; x_wconf 87' lang='lat' dir='ltr'><strong>Sic</strong></span> <span class='ocrx_word' id='word_1_48' title='bbox 440 1150 561 1222; x_wconf 84' lang='lat' dir='ltr'><strong>pugnat,</strong></span> <span class='ocrx_word' id='word_1_49' title='bbox 576 1136 618 1199; x_wconf 93' lang='lat' dir='ltr'><strong>sic</strong></span> <span class='ocrx_word' id='word_1_50' title='bbox 627 1150 678 1199; x_wconf 89' lang='lat' dir='ltr'><strong>est</strong></span> <span class='ocrx_word' id='word_1_51' title='bbox 692 1136 878 1213; x_wconf 89' lang='lat' dir='ltr'><strong>metuendus,</strong></span> <span class='ocrx_word' id='word_1_52' title='bbox 892 1135 1029 1219; x_wconf 85' lang='lat' dir='ltr'><strong>Ulysses.</strong></span> 
     </span>
     <span class='ocr_line' id='line_1_9' title="bbox 167 1232 975 1317; baseline -0.001 -22"><span class='ocrx_word' id='word_1_53' title='bbox 167 1232 240 1310; x_wconf 82' lang='lat' dir='ltr'><strong>Qui,</strong></span> <span class='ocrx_word' id='word_1_54' title='bbox 254 1234 324 1296; x_wconf 75' lang='lat' dir='ltr'><strong>licet</strong></span> <span class='ocrx_word' id='word_1_55' title='bbox 338 1233 455 1317; x_wconf 90' lang='lat' dir='ltr'><strong>eloquio</strong></span> <span class='ocrx_word' id='word_1_56' title='bbox 468 1233 559 1295; x_wconf 87' lang='lat' dir='ltr'><strong>fidum</strong></span> <span class='ocrx_word' id='word_1_57' title='bbox 574 1254 695 1317; x_wconf 86' lang='lat' dir='ltr'><strong>quoque¹</strong></span> <span class='ocrx_word' id='word_1_58' title='bbox 705 1232 834 1294; x_wconf 85' lang='lat' dir='ltr'><strong>Nestora</strong></span> <span class='ocrx_word' id='word_1_59' title='bbox 848 1232 958 1311; x_wconf 82' lang='lat' dir='ltr'><strong>vincat,</strong></span> <span class='ocrx_word' id='word_1_60' title='bbox 972 1310 975 1313; x_wconf 8' lang='grc' dir='ltr'><strong><em>ἢ</em></strong></span> 
     </span>
     <span class='ocr_line' id='line_1_10' title="bbox 166 1327 981 1413; baseline 0.002 -22"><span class='ocrx_word' id='word_1_61' title='bbox 166 1327 256 1391; x_wconf 89' lang='lat' dir='ltr'><strong>Haud</strong></span> <span class='ocrx_word' id='word_1_62' title='bbox 270 1342 368 1413; x_wconf 87' lang='lat' dir='ltr'><strong>tamen</strong></span> <span class='ocrx_word' id='word_1_63' title='bbox 384 1330 502 1406; x_wconf 87' lang='lat' dir='ltr'>efficiet,</span> <span class='ocrx_word' id='word_1_64' title='bbox 517 1330 668 1413; x_wconf 85' lang='lat' dir='ltr'><strong>desertum</strong></span> <span class='ocrx_word' id='word_1_65' title='bbox 680 1344 714 1391; x_wconf 94' lang='lat' dir='ltr'><strong>ut</strong></span> <span class='ocrx_word' id='word_1_66' title='bbox 728 1329 855 1392; x_wconf 81' lang='lat' dir='ltr'><strong>Nestora</strong></span> <span class='ocrx_word' id='word_1_67' title='bbox 868 1330 981 1393; x_wconf 80' lang='lat' dir='ltr'><strong>crimen</strong></span> 
     </span>
     <span class='ocr_line' id='line_1_11' title="bbox 166 1424 1136 1511; baseline 0.003 -24"><span class='ocrx_word' id='word_1_68' title='bbox 166 1424 242 1488; x_wconf 87' lang='lat' dir='ltr'><strong>Esse</strong></span> <span class='ocrx_word' id='word_1_69' title='bbox 256 1446 320 1488; x_wconf 89' lang='lat' dir='ltr'><strong>rear</strong></span> <span class='ocrx_word' id='word_1_70' title='bbox 333 1427 457 1488; x_wconf 90' lang='lat' dir='ltr'><strong>nullum.</strong></span> <span class='ocrx_word' id='word_1_71' title='bbox 501 1426 576 1503; x_wconf 85' lang='lat' dir='ltr'><strong>Qui,</strong></span> <span class='ocrx_word' id='word_1_72' title='bbox 591 1428 659 1488; x_wconf 85' lang='lat' dir='ltr'><strong>cinn</strong></span> <span class='ocrx_word' id='word_1_73' title='bbox 675 1427 843 1508; x_wconf 79' lang='lat' dir='ltr'><strong>imploraret</strong></span> <span class='ocrx_word' id='word_1_74' title='bbox 856 1426 999 1511; x_wconf 78' lang='lat' dir='ltr'><strong>Ulyssem</strong></span> <span class='ocrx_word' id='word_1_75' title='bbox 1093 1427 1136 1490; x_wconf 79' lang='lat'><strong>65</strong></span> 
     </span>
     <span class='ocr_line' id='line_1_12' title="bbox 167 1520 1044 1607; baseline -0.002 -24"><span class='ocrx_word' id='word_1_76' title='bbox 167 1520 298 1585; x_wconf 89' lang='lat' dir='ltr'><strong>Vulnere</strong></span> <span class='ocrx_word' id='word_1_77' title='bbox 312 1524 410 1585; x_wconf 88' lang='lat' dir='ltr'><strong>tardus</strong></span> <span class='ocrx_word' id='word_1_78' title='bbox 425 1524 503 1607; x_wconf 91' lang='lat' dir='ltr'><strong>equi,</strong></span> <span class='ocrx_word' id='word_1_79' title='bbox 519 1522 672 1605; x_wconf 85' lang='lat' dir='ltr'><strong>fessusque</strong></span> <span class='ocrx_word' id='word_1_80' title='bbox 686 1524 824 1596; x_wconf 88' lang='lat' dir='ltr'><strong>senilibus</strong></span> <span class='ocrx_word' id='word_1_81' title='bbox 839 1524 932 1600; x_wconf 85' lang='lat' dir='ltr'><strong>annis,</strong></span> <span class='ocrx_word' id='word_1_82' title='bbox 1040 1578 1044 1581; x_wconf 79' lang='grc'><em>.</em></span> 
     </span>
     <span class='ocr_line' id='line_1_13' title="bbox 165 1617 994 1703; baseline 0.004 -23"><span class='ocrx_word' id='word_1_83' title='bbox 165 1617 303 1681; x_wconf 84' lang='lat' dir='ltr'><strong>Proditus</strong></span> <span class='ocrx_word' id='word_1_84' title='bbox 317 1640 336 1681; x_wconf 87' lang='lat' dir='ltr'><strong>a</strong></span> <span class='ocrx_word' id='word_1_85' title='bbox 349 1620 428 1682; x_wconf 89' lang='lat' dir='ltr'><strong>socio</strong></span> <span class='ocrx_word' id='word_1_86' title='bbox 443 1634 498 1682; x_wconf 90' lang='lat' dir='ltr'><strong>est.</strong></span> <span class='ocrx_word' id='word_1_87' title='bbox 541 1619 612 1681; x_wconf 89' lang='lat' dir='ltr'><strong>Non</strong></span> <span class='ocrx_word' id='word_1_88' title='bbox 626 1620 690 1682; x_wconf 85' lang='lat' dir='ltr'><strong>haee</strong></span> <span class='ocrx_word' id='word_1_89' title='bbox 705 1620 776 1683; x_wconf 92' lang='lat' dir='ltr'><strong>mihi</strong></span> <span class='ocrx_word' id='word_1_90' title='bbox 791 1621 912 1683; x_wconf 84' lang='lat' dir='ltr'><strong>crimina</strong></span> <span class='ocrx_word' id='word_1_91' title='bbox 926 1620 994 1703; x_wconf 85' lang='lat' dir='ltr'><strong>fingi</strong></span> 
     </span>
     <span class='ocr_line' id='line_1_14' title="bbox 166 1713 1051 1799; baseline 0.002 -22"><span class='ocrx_word' id='word_1_92' title='bbox 166 1714 228 1777; x_wconf 90' lang='lat' dir='ltr'><strong>Scit</strong></span> <span class='ocrx_word' id='word_1_93' title='bbox 242 1717 318 1779; x_wconf 88' lang='lat' dir='ltr'><strong>bene</strong></span> <span class='ocrx_word' id='word_1_94' title='bbox 333 1713 484 1798; x_wconf 82' lang='lat' dir='ltr'><strong>Tydides:</strong></span> <span class='ocrx_word' id='word_1_95' title='bbox 508 1716 558 1799; x_wconf 92' lang='lat' dir='ltr'><strong>qui</strong></span> <span class='ocrx_word' id='word_1_96' title='bbox 572 1716 692 1778; x_wconf 91' lang='lat' dir='ltr'><strong>nomine</strong></span> <span class='ocrx_word' id='word_1_97' title='bbox 706 1737 785 1799; x_wconf 88' lang='lat' dir='ltr'><strong>saepe</strong></span> <span class='ocrx_word' id='word_1_98' title='bbox 801 1730 938 1779; x_wconf 86' lang='lat' dir='ltr'><strong>vocatum</strong></span> <span class='ocrx_word' id='word_1_99' title='bbox 1045 1744 1051 1751; x_wconf 91' lang='lat'><strong>·</strong></span> 
     </span>
     <span class='ocr_line' id='line_1_15' title="bbox 166 1809 965 1894; baseline 0 -21"><span class='ocrx_word' id='word_1_100' title='bbox 166 1809 333 1894; x_wconf 84' lang='lat' dir='ltr'><strong>Corripuit3</strong></span> <span class='ocrx_word' id='word_1_101' title='bbox 355 1812 528 1894; x_wconf 89' lang='lat' dir='ltr'><strong>trepidoque</strong></span> <span class='ocrx_word' id='word_1_102' title='bbox 543 1811 642 1894; x_wconf 76' lang='lat' dir='ltr'><strong>fugam</strong></span> <span class='ocrx_word' id='word_1_103' title='bbox 657 1812 845 1894; x_wconf 87' lang='lat' dir='ltr'><strong>exprobravit</strong></span> <span class='ocrx_word' id='word_1_104' title='bbox 859 1812 965 1875; x_wconf 87' lang='lat' dir='ltr'><strong>amico.</strong></span> 
     </span>
     <span class='ocr_line' id='line_1_16' title="bbox 165 1906 1137 1991; baseline 0.004 -24"><span class='ocrx_word' id='word_1_105' title='bbox 165 1906 343 1989; x_wconf 89' lang='lat' dir='ltr'><strong>Adspiciunt</strong></span> <span class='ocrx_word' id='word_1_106' title='bbox 357 1908 448 1969; x_wconf 88' lang='lat' dir='ltr'><strong>oculis</strong></span> <span class='ocrx_word' id='word_1_107' title='bbox 463 1908 561 1989; x_wconf 91' lang='lat' dir='ltr'><strong>superi</strong></span> <span class='ocrx_word' id='word_1_108' title='bbox 576 1908 708 1969; x_wconf 89' lang='lat' dir='ltr'><strong>mortalia</strong></span> <span class='ocrx_word' id='word_1_109' title='bbox 718 1906 814 1991; x_wconf 90' lang='lat' dir='ltr'><strong>justis.</strong></span> <span class='ocrx_word' id='word_1_110' title='bbox 1093 1911 1137 1971; x_wconf 84' lang='lat'><strong>&#39;10</strong></span> 
     </span>
     <span class='ocr_line' id='line_1_17' title="bbox 166 1992 924 2087; baseline 0.003 -24"><span class='ocrx_word' id='word_1_111' title='bbox 166 2000 214 2063; x_wconf 89' lang='lat' dir='ltr'><strong>En</strong></span> <span class='ocrx_word' id='word_1_112' title='bbox 230 2017 297 2084; x_wconf 87' lang='lat' dir='ltr'><strong>eget</strong></span> <span class='ocrx_word' id='word_1_113' title='bbox 311 2003 432 2079; x_wconf 87' lang='lat' dir='ltr'><strong>auxilio,</strong></span> <span class='ocrx_word' id='word_1_114' title='bbox 448 1998 497 2086; x_wconf 80' lang='lat' dir='ltr'><strong>qui</strong></span> <span class='ocrx_word' id='word_1_115' title='bbox 511 2024 570 2064; x_wconf 92' lang='lat' dir='ltr'><strong>non</strong></span> <span class='ocrx_word' id='word_1_116' title='bbox 585 2004 668 2065; x_wconf 88' lang='lat' dir='ltr'><strong>tulit:</strong></span> <span class='ocrx_word' id='word_1_117' title='bbox 690 1992 924 2087; x_wconf 83' lang='lat' dir='ltr'><strong>utquereliquit,</strong></span> 
     </span>
     <span class='ocr_line' id='line_1_18' title="bbox 166 2093 1101 2182; baseline 0.001 -23"><span class='ocrx_word' id='word_1_118' title='bbox 166 2096 215 2160; x_wconf 91' lang='lat' dir='ltr'><strong>Sic</strong></span> <span class='ocrx_word' id='word_1_119' title='bbox 229 2098 404 2181; x_wconf 85' lang='lat' dir='ltr'><strong>linquendus</strong></span> <span class='ocrx_word' id='word_1_120' title='bbox 419 2111 491 2159; x_wconf 87' lang='lat' dir='ltr'><strong>erat.</strong></span> <span class='ocrx_word' id='word_1_121' title='bbox 536 2096 652 2179; x_wconf 84' lang='lat' dir='ltr'><strong>Legem</strong></span> <span class='ocrx_word' id='word_1_122' title='bbox 666 2098 721 2160; x_wconf 89' lang='lat' dir='ltr'><strong>sibi</strong></span> <span class='ocrx_word' id='word_1_123' title='bbox 740 2098 854 2160; x_wconf 86' lang='lat' dir='ltr'><strong>dixerat</strong></span> <span class='ocrx_word' id='word_1_124' title='bbox 868 2099 943 2182; x_wconf 88' lang='lat' dir='ltr'><strong>ipse.</strong></span> <span class='ocrx_word' id='word_1_125' title='bbox 992 2093 995 2098; x_wconf 60' lang='grc'>’</span> <span class='ocrx_word' id='word_1_126' title='bbox 1089 2162 1101 2174; x_wconf 60' lang='lat'><strong>,</strong></span> 
     </span>
     <span class='ocr_line' id='line_1_19' title="bbox 165 2190 1008 2277; baseline 0.005 -22"><span class='ocrx_word' id='word_1_127' title='bbox 165 2191 341 2255; x_wconf 82' lang='lat' dir='ltr'><strong>Conclamat</strong></span> <span class='ocrx_word' id='word_1_128' title='bbox 355 2190 459 2255; x_wconf 87' lang='lat' dir='ltr'><strong>socios.</strong></span> <span class='ocrx_word' id='word_1_129' title='bbox 504 2190 639 2269; x_wconf 89' lang='lat' dir='ltr'><strong>Adsum;</strong></span> <span class='ocrx_word' id='word_1_130' title='bbox 662 2194 807 2277; x_wconf 80' lang='lat' dir='ltr'><strong>videoque</strong></span> <span class='ocrx_word' id='word_1_131' title='bbox 821 2207 1008 2273; x_wconf 86' lang='lat' dir='ltr'><strong>trementem,</strong></span> 
     </span>
     <span class='ocr_line' id='line_1_20' title="bbox 165 2288 988 2373; baseline 0.005 -23"><span class='ocrx_word' id='word_1_132' title='bbox 165 2288 391 2372; x_wconf 85' lang='lat' dir='ltr'><strong>Pallentemque</strong></span> <span class='ocrx_word' id='word_1_133' title='bbox 405 2303 497 2367; x_wconf 90' lang='lat' dir='ltr'><strong>metu,</strong></span> <span class='ocrx_word' id='word_1_134' title='bbox 513 2311 548 2352; x_wconf 87' lang='lat' dir='ltr'><strong>ac</strong></span> <span class='ocrx_word' id='word_1_135' title='bbox 562 2290 759 2373; x_wconf 86' lang='lat' dir='ltr'><strong>trepidantem</strong></span> <span class='ocrx_word' id='word_1_136' title='bbox 772 2305 866 2354; x_wconf 86' lang='lat' dir='ltr'><strong>morte</strong></span> <span class='ocrx_word' id='word_1_137' title='bbox 881 2291 988 2354; x_wconf 72' lang='lat' dir='ltr'><strong>futuri.</strong></span> 
     </span>
     <span class='ocr_line' id='line_1_21' title="bbox 165 2378 1136 2469; baseline 0.005 -22"><span class='ocrx_word' id='word_1_138' title='bbox 165 2385 302 2469; x_wconf 89' lang='lat' dir='ltr'><strong>Opposui</strong></span> <span class='ocrx_word' id='word_1_139' title='bbox 316 2378 425 2448; x_wconf 78' lang='lat' dir='ltr'><strong>molem</strong></span> <span class='ocrx_word' id='word_1_140' title='bbox 439 2386 537 2468; x_wconf 89' lang='lat' dir='ltr'><strong>clypei</strong></span> <span class='ocrx_word' id='word_1_141' title='bbox 549 2398 563 2459; x_wconf 71' lang='grc' dir='ltr'><strong><em>ζ</em></strong></span> <span class='ocrx_word' id='word_1_142' title='bbox 580 2386 701 2469; x_wconf 81' lang='lat' dir='ltr'><strong>texique</strong></span> <span class='ocrx_word' id='word_1_143' title='bbox 712 2386 881 2469; x_wconf 83' lang='lat' dir='ltr'><strong>jacentem3</strong></span> <span class='ocrx_word' id='word_1_144' title='bbox 1093 2389 1136 2452; x_wconf 74' lang='lat'><strong>75</strong></span> 
     </span>
     <span class='ocr_line' id='line_1_22' title="bbox 165 2479 1079 2567; baseline 0 -23"><span class='ocrx_word' id='word_1_145' title='bbox 165 2482 346 2565; x_wconf 87' lang='lat' dir='ltr'><strong>Servavique</strong></span> <span class='ocrx_word' id='word_1_146' title='bbox 362 2481 488 2545; x_wconf 84' lang='lat' dir='ltr'><strong>animam</strong></span> <span class='ocrx_word' id='word_1_147' title='bbox 507 2479 675 2566; x_wconf 88' lang='lat' dir='ltr'><strong>(minimum</strong></span> <span class='ocrx_word' id='word_1_148' title='bbox 689 2495 733 2543; x_wconf 88' lang='lat' dir='ltr'><strong>est</strong></span> <span class='ocrx_word' id='word_1_149' title='bbox 747 2482 805 2543; x_wconf 89' lang='lat' dir='ltr'><strong>hoc</strong></span> <span class='ocrx_word' id='word_1_150' title='bbox 818 2481 928 2567; x_wconf 70' lang='lat' dir='ltr'><strong>laudis)</strong></span> <span class='ocrx_word' id='word_1_151' title='bbox 944 2481 1079 2546; x_wconf 88' lang='lat' dir='ltr'><strong>inertem.</strong></span> 
     </span>
     <span class='ocr_line' id='line_1_23' title="bbox 165 2578 911 2662; baseline 0.001 -21"><span class='ocrx_word' id='word_1_152' title='bbox 165 2579 198 2641; x_wconf 87' lang='lat' dir='ltr'><strong>Si</strong></span> <span class='ocrx_word' id='word_1_153' title='bbox 212 2594 324 2662; x_wconf 88' lang='lat' dir='ltr'><strong>perstas</strong></span> <span class='ocrx_word' id='word_1_154' title='bbox 339 2592 462 2655; x_wconf 88' lang='lat' dir='ltr'><strong>certare,</strong></span> <span class='ocrx_word' id='word_1_155' title='bbox 476 2578 574 2641; x_wconf 89' lang='lat' dir='ltr'><strong>locum</strong></span> <span class='ocrx_word' id='word_1_156' title='bbox 588 2578 743 2641; x_wconf 90' lang='lat' dir='ltr'><strong>redeamus</strong></span> <span class='ocrx_word' id='word_1_157' title='bbox 757 2579 787 2641; x_wconf 93' lang='lat' dir='ltr'><strong>in</strong></span> <span class='ocrx_word' id='word_1_158' title='bbox 801 2580 911 2642; x_wconf 83' lang='lat' dir='ltr'><strong>ullum:</strong></span> 
     </span>
     <span class='ocr_line' id='line_1_24' title="bbox 165 2674 1061 2759; baseline 0.002 -22"><span class='ocrx_word' id='word_1_159' title='bbox 165 2674 273 2737; x_wconf 88' lang='lat' dir='ltr'><strong>Redde</strong></span> <span class='ocrx_word' id='word_1_160' title='bbox 288 2676 414 2752; x_wconf 88' lang='lat' dir='ltr'><strong>hostem,</strong></span> <span class='ocrx_word' id='word_1_161' title='bbox 430 2675 594 2757; x_wconf 88' lang='lat' dir='ltr'><strong>vulnusque</strong></span> <span class='ocrx_word' id='word_1_162' title='bbox 608 2687 703 2752; x_wconf 91' lang='lat' dir='ltr'><strong>tuum,</strong></span> <span class='ocrx_word' id='word_1_163' title='bbox 717 2676 894 2759; x_wconf 85' lang='lat' dir='ltr'><strong>solitumque</strong></span> <span class='ocrx_word' id='word_1_164' title='bbox 908 2676 1061 2739; x_wconf 87' lang='lat' dir='ltr'><strong>timorem:</strong></span> 
     </span>
     <span class='ocr_line' id='line_1_25' title="bbox 165 2770 1036 2854; baseline 0.001 -21"><span class='ocrx_word' id='word_1_165' title='bbox 165 2770 238 2833; x_wconf 90' lang='lat' dir='ltr'><strong>Post</strong></span> <span class='ocrx_word' id='word_1_166' title='bbox 252 2771 452 2854; x_wconf 91' lang='lat' dir='ltr'><strong>clypeumque</strong></span> <span class='ocrx_word' id='word_1_167' title='bbox 466 2771 545 2833; x_wconf 86' lang='lat' dir='ltr'><strong>late:</strong></span> <span class='ocrx_word' id='word_1_168' title='bbox 570 2783 599 2833; x_wconf 90' lang='lat' dir='ltr'><strong>et</strong></span> <span class='ocrx_word' id='word_1_169' title='bbox 614 2792 732 2835; x_wconf 88' lang='lat' dir='ltr'><strong>mecum</strong></span> <span class='ocrx_word' id='word_1_170' title='bbox 745 2773 892 2835; x_wconf 84' lang='lat' dir='ltr'><strong>contende</strong></span> <span class='ocrx_word' id='word_1_171' title='bbox 907 2773 962 2835; x_wconf 90' lang='lat' dir='ltr'><strong>sub</strong></span> <span class='ocrx_word' id='word_1_172' title='bbox 975 2773 1036 2836; x_wconf 91' lang='lat' dir='ltr'><strong>illo.</strong></span> 
     </span>
     <span class='ocr_line' id='line_1_26' title="bbox 165 2866 1138 2950; baseline 0.003 -21"><span class='ocrx_word' id='word_1_173' title='bbox 165 2866 209 2929; x_wconf 89' lang='lat' dir='ltr'><strong>At</strong></span> <span class='ocrx_word' id='word_1_174' title='bbox 223 2881 379 2950; x_wconf 87' lang='lat' dir='ltr'><strong>postquam</strong></span> <span class='ocrx_word' id='word_1_175' title='bbox 394 2867 491 2949; x_wconf 87' lang='lat' dir='ltr'><strong>eripui</strong></span> <span class='ocrx_word' id='word_1_176' title='bbox 496 2889 504 2943; x_wconf 91' lang='lat'>;</span> <span class='ocrx_word' id='word_1_177' title='bbox 526 2868 575 2929; x_wconf 90' lang='lat' dir='ltr'><strong>eui</strong></span> <span class='ocrx_word' id='word_1_178' title='bbox 588 2869 683 2930; x_wconf 88' lang='lat' dir='ltr'><strong>standi</strong></span> <span class='ocrx_word' id='word_1_179' title='bbox 698 2870 820 2931; x_wconf 86' lang='lat' dir='ltr'><strong>vulnera</strong></span> <span class='ocrx_word' id='word_1_180' title='bbox 835 2870 911 2931; x_wconf 82' lang='lat' dir='ltr'><strong>vires</strong></span> <span class='ocrx_word' id='word_1_181' title='bbox 1094 2870 1138 2932; x_wconf 79' lang='lat'><strong>80</strong></span> 
     </span>
     <span class='ocr_line' id='line_1_27' title="bbox 166 2952 870 3046; baseline -0.001 -21"><span class='ocrx_word' id='word_1_182' title='bbox 166 2962 234 3025; x_wconf 93' lang='lat' dir='ltr'><strong>Non</strong></span> <span class='ocrx_word' id='word_1_183' title='bbox 250 2962 400 3039; x_wconf 84' lang='lat' dir='ltr'><strong>dederant,</strong></span> <span class='ocrx_word' id='word_1_184' title='bbox 415 2962 496 3023; x_wconf 92' lang='lat' dir='ltr'><strong>nullo</strong></span> <span class='ocrx_word' id='word_1_185' title='bbox 511 2962 639 3024; x_wconf 86' lang='lat' dir='ltr'><strong>tardatus</strong></span> <span class='ocrx_word' id='word_1_186' title='bbox 654 2952 776 3024; x_wconf 76' lang='lat' dir='ltr'><strong>vnlnere</strong></span> <span class='ocrx_word' id='word_1_187' title='bbox 786 2963 870 3046; x_wconf 72' lang='lat' dir='ltr'><strong>lingit.</strong></span> 
     </span>
     <span class='ocr_line' id='line_1_28' title="bbox 166 3058 972 3141; baseline 0 -19"><span class='ocrx_word' id='word_1_188' title='bbox 166 3106 168 3111; x_wconf 86' lang='lat'>-</span> <span class='ocrx_word' id='word_1_189' title='bbox 209 3059 323 3123; x_wconf 89' lang='lat' dir='ltr'><strong>Hector</strong></span> <span class='ocrx_word' id='word_1_190' title='bbox 336 3060 429 3135; x_wconf 90' lang='lat' dir='ltr'><strong>adest,</strong></span> <span class='ocrx_word' id='word_1_191' title='bbox 444 3079 605 3140; x_wconf 90' lang='lat' dir='ltr'><strong>secumque</strong></span> <span class='ocrx_word' id='word_1_192' title='bbox 621 3058 693 3120; x_wconf 87' lang='lat' dir='ltr'><strong>deos</strong></span> <span class='ocrx_word' id='word_1_193' title='bbox 708 3059 737 3121; x_wconf 92' lang='lat' dir='ltr'><strong>in</strong></span> <span class='ocrx_word' id='word_1_194' title='bbox 753 3060 857 3141; x_wconf 90' lang='lat' dir='ltr'><strong>proelia</strong></span> <span class='ocrx_word' id='word_1_195' title='bbox 871 3060 972 3122; x_wconf 85' lang='lat' dir='ltr'><strong>ducit:</strong></span> 
     </span>
     <span class='ocr_line' id='line_1_29' title="bbox 168 3156 910 3241; baseline 0.001 -22"><span class='ocrx_word' id='word_1_196' title='bbox 168 3157 298 3241; x_wconf 74' lang='lat' dir='ltr'><strong>Quique</strong></span> <span class='ocrx_word' id='word_1_197' title='bbox 314 3158 381 3234; x_wconf 90' lang='lat' dir='ltr'><strong>ruit,</strong></span> <span class='ocrx_word' id='word_1_198' title='bbox 396 3179 455 3219; x_wconf 92' lang='lat' dir='ltr'><strong>non</strong></span> <span class='ocrx_word' id='word_1_199' title='bbox 470 3171 502 3218; x_wconf 87' lang='lat' dir='ltr'><strong>tu</strong></span> <span class='ocrx_word' id='word_1_200' title='bbox 517 3157 631 3219; x_wconf 78' lang='lat' dir='ltr'><strong>tantum</strong></span> <span class='ocrx_word' id='word_1_201' title='bbox 646 3158 772 3233; x_wconf 89' lang='lat' dir='ltr'><strong>terreris,</strong></span> <span class='ocrx_word' id='word_1_202' title='bbox 788 3156 910 3241; x_wconf 89' lang='lat' dir='ltr'><strong>Ulysse,</strong></span> 
     </span>
     <span class='ocr_line' id='line_1_30' title="bbox 167 3253 894 3318; baseline -0.003 0"><span class='ocrx_word' id='word_1_203' title='bbox 167 3255 228 3318; x_wconf 88' lang='lat' dir='ltr'><strong>Sed</strong></span> <span class='ocrx_word' id='word_1_204' title='bbox 243 3254 331 3317; x_wconf 83' lang='lat' dir='ltr'><strong>sortes</strong></span> <span class='ocrx_word' id='word_1_205' title='bbox 346 3255 454 3318; x_wconf 85' lang='lat' dir='ltr'><strong>etiam:</strong></span> <span class='ocrx_word' id='word_1_206' title='bbox 479 3266 593 3315; x_wconf 87' lang='lat' dir='ltr'><strong>tantum</strong></span> <span class='ocrx_word' id='word_1_207' title='bbox 608 3253 694 3316; x_wconf 87' lang='lat' dir='ltr'><strong>trahit</strong></span> <span class='ocrx_word' id='word_1_208' title='bbox 709 3254 758 3317; x_wconf 91' lang='lat' dir='ltr'><strong>ille</strong></span> <span class='ocrx_word' id='word_1_209' title='bbox 773 3254 894 3318; x_wconf 90' lang='lat' dir='ltr'><strong>timoris.</strong></span> 
     </span>
     <span class='ocr_line' id='line_1_31' title="bbox 168 3342 1137 3433; baseline 0.001 -20"><span class='ocrx_word' id='word_1_210' title='bbox 168 3350 257 3414; x_wconf 91' lang='lat' dir='ltr'><strong>Hunc</strong></span> <span class='ocrx_word' id='word_1_211' title='bbox 273 3373 329 3432; x_wconf 85' lang='lat' dir='ltr'><strong>ego</strong></span> <span class='ocrx_word' id='word_1_212' title='bbox 344 3351 509 3433; x_wconf 84' lang='lat' dir='ltr'><strong>sanguineae</strong></span> <span class='ocrx_word' id='word_1_213' title='bbox 524 3371 662 3413; x_wconf 87' lang='lat' dir='ltr'><strong>successu</strong></span> <span class='ocrx_word' id='word_1_214' title='bbox 677 3351 765 3413; x_wconf 82' lang='lat' dir='ltr'><strong>caedis</strong></span> <span class='ocrx_word' id='word_1_215' title='bbox 780 3365 918 3413; x_wconf 79' lang='lat' dir='ltr'><strong>ovantem</strong></span> <span class='ocrx_word' id='word_1_216' title='bbox 1019 3342 1024 3348; x_wconf 63' lang='grc'><strong>’</strong></span> <span class='ocrx_word' id='word_1_217' title='bbox 1095 3352 1137 3414; x_wconf 85' lang='grc'><strong>85</strong></span> 
     </span>
     <span class='ocr_line' id='line_1_32' title="bbox 167 3440 1051 3531; baseline -0.002 -21"><span class='ocrx_word' id='word_1_218' title='bbox 167 3446 312 3510; x_wconf 90' lang='lat' dir='ltr'><strong>Cominus</strong></span> <span class='ocrx_word' id='word_1_219' title='bbox 326 3448 437 3529; x_wconf 88' lang='lat' dir='ltr'><strong>ingenti</strong></span> <span class='ocrx_word' id='word_1_220' title='bbox 452 3447 622 3529; x_wconf 89' lang='lat' dir='ltr'><strong>resupinum</strong></span> <span class='ocrx_word' id='word_1_221' title='bbox 636 3447 767 3528; x_wconf 90' lang='lat' dir='ltr'><strong>pondere</strong></span> <span class='ocrx_word' id='word_1_222' title='bbox 782 3446 855 3509; x_wconf 78' lang='lat' dir='ltr'><strong>findi.</strong></span> <span class='ocrx_word' id='word_1_223' title='bbox 895 3440 898 3445; x_wconf 64' lang='grc'><em>’</em></span> <span class='ocrx_word' id='word_1_224' title='bbox 1046 3522 1051 3531; x_wconf 28' lang='lat'>⁸</span> 
     </span>
     <span class='ocr_line' id='line_1_33' title="bbox 167 3543 987 3626; baseline 0 -21"><span class='ocrx_word' id='word_1_225' title='bbox 167 3543 258 3607; x_wconf 88' lang='lat' dir='ltr'><strong>Hunc</strong></span> <span class='ocrx_word' id='word_1_226' title='bbox 273 3565 329 3625; x_wconf 82' lang='lat' dir='ltr'><strong>ego</strong></span> <span class='ocrx_word' id='word_1_227' title='bbox 345 3557 528 3626; x_wconf 91' lang='lat' dir='ltr'><strong>poscentem,</strong></span> <span class='ocrx_word' id='word_1_228' title='bbox 543 3564 612 3605; x_wconf 90' lang='lat' dir='ltr'><strong>eum</strong></span> <span class='ocrx_word' id='word_1_229' title='bbox 627 3564 688 3626; x_wconf 91' lang='lat' dir='ltr'><strong>quo</strong></span> <span class='ocrx_word' id='word_1_230' title='bbox 700 3555 897 3620; x_wconf 88' lang='lat' dir='ltr'><strong>concurreret,</strong></span> <span class='ocrx_word' id='word_1_231' title='bbox 911 3563 987 3605; x_wconf 86' lang='lat' dir='ltr'><strong>unus</strong></span> 
     </span>
    </p>
   </div>
   <div class='ocr_carea' id='block_1_3' title="bbox 0 0 1325 4259">
    <p class='ocr_par' dir='ltr' id='par_1_6' title="bbox 0 0 1325 4259">
     <span class='ocr_line' id='line_1_34' title="bbox 0 0 1325 4259; baseline 0 0"><span class='ocrx_word' id='word_1_232' title='bbox 0 0 1325 4259; x_wconf 95' lang='lat' dir='ltr'><strong> </strong></span> 
     </span>
    </p>
   </div>
  </div>
 </body>
</html>
