2634 4259
209 392 253 456 34
523 394 869 449 uerrucaruosrou
979 421 983 427 -

129 552 132 559 ’
210 546 280 612 Huc
295 547 345 609 ubi
359 548 493 631 pervenit
507 547 577 609 belli
594 546 754 610 metuenda
768 547 887 627 virago:
1091 624 1094 630 Ι

209 642 350 708 Constitit
365 642 432 706 ante
447 644 578 720 domum,
596 642 708 729 (neque
723 643 802 704 enim
817 642 976 704 succedere
991 642 1078 705 tectis

207 739 267 803 Fas
282 738 386 826 babet)
404 754 435 802 et
449 753 549 823 postes
564 739 700 801 extrema
712 738 835 821 cuspide
849 739 956 821 pulsat.
1117 742 1183 802 370

208 835 370 899 Concussae
385 836 508 920 patuere
522 832 617 899 fores:
655 833 747 897 Videt
761 835 840 897 intus
852 835 991 896 edentem

210 931 356 1016 Vipereas
371 954 483 1010 carnea
498 933 634 995 vitiorum
649 931 787 993 alimenta
800 953 930 1007 suorum,

208 1027 370 1091 Invidiam:
394 1028 516 1113 visaque
530 1028 631 1091 oculos
646 1027 763 1089 avertit.
807 1028 850 1089 At
865 1027 914 1088 illa

208 1124 307 1207 Surgit
321 1126 411 1187 humo
426 1124 525 1207 pigra:
548 1140 788 1206 semesarumque
802 1123 938 1207 relinquit

209 1219 345 1305 Corpora
359 1221 529 1304 serpentum
541 1243 549 1282 :
559 1256 562 1261 ·
572 1240 717 1302 passuque
733 1218 840 1281 incedit
855 1219 949 1280 inerti.
1040 1247 1046 1262 =
1117 1222 1182 1281 375

208 1314 312 1401 thue
327 1318 413 1381 deam
429 1317 501 1379 vidit
516 1314 669 1400 for'mbque
684 1316 830 1400 armisque
845 1316 994 1390 decoram,

207 1411 371 1496 Ingemuit:
394 1414 566 1497 vultumque
581 1413 640 1475 ima
654 1413 692 1475 ad
705 1412 828 1494 suspiria
842 1412 936 1473 duxit.

209 1508 309 1573 Pallor
322 1511 352 1573 in
366 1532 416 1573 ore
431 1510 531 1573 sedet:
541 1510 665 1573 ·macies
675 1510 705 1571 in
719 1530 841 1592 corpore
856 1520 943 1571 toto:

210 1603 366 1690 Nusquam
380 1620 461 1668 recta
475 1606 571 1668 acies:
594 1606 688 1668 livent
700 1604 968 1687 rubigine'dentes:

209 1700 337 1765 Pectora
351 1700 418 1764 felle
434 1702 545 1763 virent:
567 1701 667 1783 lingua
682 1715 725 1764 est
741 1702 851 1763 suffirsa
865 1698 992 1763 ueneno.
1116 1700 1181 1763 380

208 1795 301 1860 Risus
315 1798 416 1874 abest3
438 1797 492 1860 nisi
507 1819 596 1881 quem
610 1797 665 1859 visi
679 1797 800 1859 movere
813 1797 939 1859 dolores.
974 1815 980 1827 ·
1029 1820 1033 1824 ’

210 1890 277 1955 Nec
292 1892 394 1955 fruitur
407 1916 520 1971 somno,
535 1893 704 1976 vigilacibus
719 1896 818 1957 excita
831 1893 924 1956 curis:

210 1988 272 2051 Sed
287 1989 368 2052 videt
382 1990 518 2073 ingratos,
534 1990 748 2073 intabescitque
762 1990 900 2066 videndo,
934 2064 942 2076 ῃ

209 2084 370 2148 Successus
385 2086 554 2148 hominum:
576 2086 728 2169 carpitque
743 2099 773 2147 et
786 2086 914 2167 carpitur
927 2085 998 2147 unia.
1072 2102 1075 2108 ·

209 2180 454 2264 Suppliciumque
469 2202 555 2243 suum
570 2194 625 2243 est.
671 2180 818 2254 Quamvis
832 2195 931 2243 tamen
945 2181 1047 2243 oderat
1060 2181 1151 2259 illam,

209 2274 333 2339 Talibus
349 2276 436 2339 affata
451 2289 496 2339 est
510 2276 637 2339 breviter
649 2276 784 2338 Tritonia
802 2276 902 2339 dictis:
1116 2280 1180 2343 386

209 2370 317 2435 ‘Infice
333 2373 400 2434 tabe
416 2371 469 2435 tud
483 2386 615 2435 natarum
630 2371 775 2455 Cecropis
788 2368 896 2436 iruarn:
1171 2397 1175 2403 ’

208 2466 259 2531 Sic
273 2489 348 2551 opus
362 2481 417 2530 est.
461 2469 607 2551 Aglauros
622 2490 658 2531 aa
673 2469 740 2531 est!
784 2466 875 2531 Haud
889 2470 972 2553 plura
986 2470 1085 2535 locuta

208 2562 316 2645 Fugit3
339 2577 369 2627 et
384 2564 525 2647 impressit
539 2565 675 2627 tellurem
688 2564 795 2648 repulit
809 2564 904 2627 hasta
948 2582 957 2596 ⁸

206 2659 264 2722 Illa
278 2660 364 2742 deam
379 2661 498 2745 obliquo
512 2660 672 2743 lugientem
687 2661 797 2723 lumine
812 2683 954 2739 cernens:
1115 2666 1180 2729 390

207 2754 361 2819 Murmura
374 2778 466 2839 parva
480 2757 579 2833 dedit3
600 2778 862 2842 successurumque
878 2757 1020 2822 Minerva

206 2851 352 2916 lndoluit:
374 2853 571 2937 baculumque
586 2854 684 2936 capit3
706 2854 785 2937 quod
799 2854 901 2936 spinea
914 2868 1009 2917 totum

209 2946 337 3011 Vincula
350 2950 523 3031 cingebant:
547 2950 745 3033 adopertaque
760 2950 885 3012 nubibus
900 2951 977 3029 atris,

206 3044 395 3129 Qudcunque
411 3046 580 3129 ingreditur,
592 3046 726 3109 florentia
740 3047 860 3130 proterit
875 3068 955 3125 arva,

206 3138 371 3226 Exuritque
387 3143 502 3219 herbas,
518 3156 547 3204 et
562 3164 677 3205 summa
690 3144 843 3206 cacumina
856 3144 969 3226 carpit:
1113 3148 1178 3211 395

207 3237 379 3321 Afflatuque
394 3258 448 3300 suo
462 3238 599 3321 populos,
612 3239 769 3321 urbesque,
785 3240 947 3323 domosque

205 3323 333 3396 Polluit:
357 3347 388 3395 et
402 3334 521 3396 tandem
535 3332 690 3396 Tritonida
703 3336 846 3417 conspicit
860 3357 976 3414 arcem:

205 3428 343 3509 lagenis,
358 3430 532 3513 opibusque,
547 3424 666 3492 et'festb
679 3451 753 3513 pace
769 3431 927 3494 virentem:
980 3490 984 3500 ,

206 3523 328 3611 Vixque
344 3540 426 3589 tenet
439 3527 602 3609 lacrymas3
626 3527 694 3611 quia
708 3527 749 3589 nil
763 3527 952 3612 lacrymabile
966 3528 1069 3593 cernit.

1305 273 1307 353 l

1304 357 1307 432 l

1305 495 1306 536 l
