2634 4259
601 406 709 460 maun
732 407 779 459 x1.
1105 399 1167 461 109

192 558 416 643 innumeraque
431 558 545 621 herbe:
569 578 693 641 quarum
707 557 745 619 de
761 557 838 620 lacte
851 577 987 641 soporem

193 654 265 720 Nox
279 658 361 737 legit,
377 670 406 718 et
421 656 529 739 spargit
543 675 597 738 per
610 674 719 737 opacas
734 653 854 715 humida
867 667 969 715 terras.

192 753 301 831 lanua,
316 774 381 836 quae
396 771 482 814 verso
497 751 650 815 stridorem
665 750 783 838 cardine
797 747 911 827 reddat,
1042 828 1047 838 ι
1104 749 1167 811 245

193 848 286 913 Nulla
299 838 388 911 dome
402 848 481 925 toti;
503 862 601 913 custos
616 848 644 909 in
659 846 759 909 limine
774 845 882 907 nullus.
935 837 977 901 ⁴.
1042 891 1056 905 ..

193 946 238 1009 At
251 930 350 1009 medio
364 959 444 1008 torus
458 958 514 1021 est,
530 946 625 1007 ebeno
640 943 771 1006 sublimis
785 942 815 1005 in
830 941 902 1019 atri,

193 1040 348 1118 Plumeus,
363 1042 504 1118 unicolor,
519 1041 601 1123 pullo
616 1040 761 1102 velamine
776 1053 888 1101 tectus:

194 1138 268 1213 Quo
281 1138 370 1201 cubat
384 1139 448 1221 ipse
464 1137 547 1214 deus,
562 1136 700 1199 membris
714 1136 854 1218 languore
869 1136 981 1200 solutis.
1027 1127 1034 1136 ’

194 1233 285 1298 Hunc
299 1235 376 1297 circa
391 1234 509 1319 passim,
525 1233 617 1295 varias
631 1231 776 1297 imitantia
789 1232 907 1311 formas,
1104 1234 1168 1297 25⁰

195 1331 315 1394 Somnia
329 1352 405 1394 vana
414 1330 515 1415 jacent
529 1330 664 1407 totidem,
679 1344 750 1413 quot
765 1332 868 1393 messis
883 1332 995 1408 aristas,

194 1426 276 1491 Silva
291 1429 365 1511 gerit
379 1427 507 1503 frondes,
522 1426 632 1512 ejectas
646 1428 728 1490 littus
739 1447 856 1489 arenas.

237 1523 311 1598 Quo
324 1525 410 1587 simul
425 1524 551 1601 intravit,
566 1522 759 1607 manibusque
774 1521 919 1587 obstantia
933 1524 1016 1607 virgo
1066 1534 1069 1543 '

195 1620 316 1683 Somnia
330 1620 467 1683 dimovit:
492 1621 580 1683 vestis
595 1620 707 1703 fulgore
718 1617 826 1684 reluxit
1070 1668 1074 1676 ⁴

195 1716 285 1780 Sacra
299 1717 420 1780 domus:
443 1712 585 1801 tardique
600 1716 674 1779 deus
688 1718 831 1802 gravitate
842 1708 976 1803 jacentes
1104 1720 1170 1781 255

196 1812 258 1876 Vix
272 1812 373 1876 oculos
388 1814 510 1889 tollens3
531 1813 697 1897 iterumque
711 1814 876 1898 iterumque
890 1815 1034 1892 relabens,

196 1909 377 1992 Summaque
392 1910 560 1993 percutiens
574 1910 688 1976 nutanti
703 1923 822 1992 pectora
836 1924 947 1987 mento,

196 2005 336 2069 Excussit
350 2006 469 2068 tandem
484 2006 538 2069 sibi
551 2026 602 2067 se:
625 2006 783 2091 cubitoque
797 2007 921 2084 levatus,

196 2094 278 2175 Quid
294 2102 394 2169 veniat
410 2101 565 2188 (cognorat
579 2100 674 2187 enim)
691 2103 821 2166 scitatur.
865 2103 988 2167 Atina:
1077 2169 1081 2176 ,

196 2199 336 2275 ‘Somne,
352 2200 434 2283 quies
448 2220 557 2277 rerum,
572 2200 768 2283 placidissime
783 2202 895 2265 Somne
908 2202 1043 2280 deomm,
1106 2202 1170 2266 260

116 2337 123 2347 ·
195 2288 262 2357 Pax
276 2296 376 2372 animi,
392 2318 480 2380 quem
494 2316 565 2359 cura
579 2296 671 2379 sugit3
694 2298 743 2382 qui
757 2299 847 2362 corda
861 2299 970 2361 diurnis

195 2390 289 2455 Fessa
302 2394 467 2456 ministeriis
482 2394 605 2469 mulces,
620 2415 796 2478 reparasque
810 2395 920 2471 labori3

195 2488 326 2567 Somnia,
342 2510 406 2572 quae
421 2510 507 2551 veras
519 2503 635 2572 equent
649 2490 810 2553 imitamine
824 2490 941 2569 fortnas,

195 2584 347 2649 Herculei
360 2584 509 2648 Trachine
520 2585 603 2671 jube,
618 2586 673 2649 sub
688 2588 814 2670 imagine
828 2589 914 2671 regis,

194 2679 371 2765 Halcyonen
388 2682 504 2759 adeant,
520 2683 734 2767 simulacraque
748 2684 887 2767 naufraga
900 2686 1021 2770 fingant.
1078 2685 1082 2693 “
1104 2688 1168 2750 265

194 2777 325 2862 Imperat
339 2780 396 2841 hoo
410 2779 512 2842 Juno.’
558 2780 720 2864 Postquam
735 2782 874 2845 mandata
887 2783 1001 2867 peregit

194 2874 258 2952 lris,
273 2876 350 2938 abit:
372 2898 469 2959 neque
485 2878 564 2939 enim
580 2878 701 2939 ulterius
714 2878 837 2939 tolerare
853 2881 969 2961 vaporis

196 2969 267 3033 Vim
282 2985 407 3055 poterat.
451 2972 587 3055 Labique
601 2986 635 3033 ut
649 2993 783 3034 somnum
798 2975 887 3037 sensit
902 2977 931 3037 in
946 2990 1035 3055 artus,

194 3064 326 3150 Effingit3
348 3081 378 3129 et
392 3081 509 3131 remeat·
519 3088 573 3151 per
588 3084 660 3151 quos
674 3067 764 3130 modo
779 3085 899 3134 venerat
913 3094 1007 3136 arcus.

237 3166 279 3228 At
294 3178 379 3248 pater
393 3186 410 3227 e
425 3165 539 3249 populo
551 3178 686 3235 natorum
701 3165 782 3229 mille
797 3189 916 3232 suorum
1104 3174 1182 3237 270-

194 3260 316 3324 Excitat
331 3263 482 3339 artificem,
497 3262 756 3347 simulatoremque
770 3266 878 3346 figura,

193 3356 353 3440 Morphea.
400 3359 469 3422 Non
483 3360 534 3422 illo
544 3360 641 3445 jussos
656 3361 790 3424 solertius
805 3363 878 3424 alter

194 3452 345 3537 Exprimit
359 3457 500 3534 incessus,
517 3459 689 3541 vultumque
703 3480 868 3542 sonumque
882 3459 1032 3544 loquendi.
1075 3456 1082 3465 ⁸

194 3550 306 3635 Adjicit
321 3565 352 3613 et
368 3566 473 3629 vestes,
489 3566 519 3615 et
533 3555 756 3617 consuetissima
769 3556 877 3639 cuique

495 3654 534 3713 10
