2634 4259
142 452 203 511 174
521 436 524 441 ’
571 458 683 507 rnsrr.

139 605 203 667 Sex
218 607 344 683 Remus,
359 607 407 667 hic
423 606 555 669 volucres
569 605 613 667 bis
628 626 684 666 sex
699 604 780 666 videt
794 590 914 689 ordine:
936 615 1027 685 pacto

181 705 295 765 Statur:
319 717 350 765 et
363 701 512 777 arbitrium
528 701 676 763 Romulus
689 700 769 761 urbis
784 698 884 760 habet.
1075 698 1123 759 90

138 802 222 884 Apta
236 801 298 861 dies
312 800 428 881 legitur,
443 799 502 881 qui
516 798 626 859 moenia
639 798 736 878 signet
750 809 856 857 aratro.

179 896 270 957 Sacra
284 894 364 957 Palis
378 895 533 956 suberant:
558 893 627 955 inde
641 907 779 953 movetur
792 912 880 973 opus.

137 990 212 1052 lude
227 1012 366 1073 premens
380 991 485 1052 stivam
500 989 633 1069 designat
648 988 759 1049 moenia
774 988 876 1048 sulco:

180 1088 260 1148 Alba
270 1086 377 1170 jugum
390 1087 478 1147 niveo
491 1106 560 1146 cum
577 1085 653 1146 bove
670 1104 761 1145 vacca
779 1083 856 1144 tulit.
954 1090 959 1098 ’

139 1181 210 1243 Vox
225 1181 278 1245 fuit
293 1183 356 1244 hec
371 1181 481 1262 Regis:
505 1179 687 1255 ‘Condenti,
702 1179 832 1260 Jupiter,
846 1178 962 1254 urbem,
1034 1172 1047 1193 ⁸
1074 1175 1120 1259 95

181 1277 223 1339 Et
237 1278 351 1359 genitor
365 1275 497 1352 Mavors·
513 1274 668 1357 Vestaque
683 1288 787 1351 mater,
802 1276 892 1336 ades:
961 1268 965 1275 ’

138 1371 327 1457 Quosque
299 1395 382 1456 prum
397 1386 442 1433 est
456 1371 594 1435 adhibere
609 1372 694 1446 deos,
707 1370 852 1432 advertite
867 1350 985 1431 cuncli:

183 1470 363 1553 Auspicibus
377 1468 459 1531 vobis
473 1469 530 1529 hoc
545 1468 617 1529 mihi
632 1480 733 1548 surgat
746 1488 833 1549 opus.

81 1566 86 1573 '
138 1564 280 1647 Louga'
258 1580 296 1627 srt
310 1566 378 1627 huic
393 1578 471 1640 aetas,
486 1564 670 1646 dominaque
685 1564 819 1645 potentia
831 1576 933 1623 terre:

182 1662 286 1745 Sitque
300 1662 355 1723 sub
370 1662 426 1725 hirc
441 1660 536 1721 oriens
550 1657 752 1741 occiduusque
767 1656 852 1720 dies?
1056 1657 1121 1718 100

139 1756 194 1819 Ille
209 1758 392 1840 precabatur.
434 1754 560 1818 Tonitru
576 1755 657 1817 dedit
671 1755 772 1816 omina
784 1755 859 1816 lavo

181 1853 316 1936 Jupiter:
340 1866 370 1915 et
383 1854 457 1914 levo
472 1850 592 1913 fulmina
606 1852 695 1913 missa
709 1850 790 1933 polo.

139 1950 274 2031 Auguria
288 1949 369 2011 laeti
356 1950 470 2033 jaciunt
485 1946 699 2009 fundamina
673 1968 775 2023 crves;

183 2045 226 2105 Et
239 2066 334 2106 novus
350 2046 458 2125 exiguo
473 2057 607 2126 tempore
622 2064 724 2105 murus
740 2056 814 2105 erat
865 2102 869 2109 .

141 2138 210 2201 Hoc
225 2139 317 2201 Celer
330 2153 415 2219 urget
429 2159 514 2220 opus,
530 2158 620 2219 quem
635 2137 807 2199 Romulus
799 2158 864 2219 ipse
880 2111 1122 2211 vocarat31ll5

184 2234 337 2316 ‘Siutque,
353 2233 455 2309 Celer,
469 2252 557 2308 curae,
559 2232 709 2308 ’dixeraq
724 2231 799 2294 ‘ista
811 2230 892 2294 tuae?

141 2328 229 2390 Neve
245 2329 309 2409 qpis
324 2342 375 2389 aut
390 2348 499 2403 muros,
514 2340 565 2389 aut
579 2326 688 2389 factam
703 2348 824 2389 vomere
838 2326 965 2391 fossam·

182 2424 345 2486 Transeat:
369 2424 528 2486 audentem
543 2423 615 2485 talia
626 2424 704 2485 dede
718 2424 797 2486 neci.

142 2516 235 2591 Quod
249 2516 366 2579 Remus
380 2519 526 2599 ignorans,
543 2519 670 2581 humiles
685 2534 877 2583 contemnere
892 2539 991 2581 muros

184 2612 304 2692 Coepit:
328 2628 370 2688 et,
386 2612 461 2674 ‘His
476 2614 625 2696 populus,'
641 2616 752 2693 dicere,
767 2624 867 2678 ‘tutus
882 2616 936 2677 erit
945 2614 969 2677 l'
1060 2616 1124 2676 110

140 2705 171 2766 N
173 2728 208 2766 ec
218 2723 314 2783 mora,
328 2708 482 2769 transiluit.
507 2708 625 2771 Rutro
639 2709 733 2772 Celer
746 2723 875 2795 occupat
888 2731 1004 2772 ausum.

183 2800 237 2862 Ille
252 2802 360 2882 premit
375 2802 478 2872 duram
494 2805 735 2885 sanguinolentus
750 2808 885 2869 humum.

140 2894 216 2957 Haec
231 2897 280 2957 ubi
295 2896 368 2958 Rex
384 2899 496 2976 didicit,
512 2900 657 2983 lacrymas
672 2876 811 2966 introrsds
825 2905 941 2966 obortas

183 2990 326 3069 Devorat,
340 2997 373 3054 'et
386 2995 522 3057 clausurn
536 3011 657 3079 pectore
674 2986 780 3061 vulnus
794 3000 894 3062 habet.
1033 2998 1037 3005 ’

139 3082 229 3146 Flere
243 3087 341 3167 palam
356 3110 416 3150 non
432 3091 506 3167 vult,
521 3095 722 3176 exemplaque
737 3094 822 3158 fortia
835 3108 951 3157 servat:
1061 3096 1125 3156 115

182 3180 309 3261 ‘Sicque
324 3203 408 3244 meos
424 3206 525 3247 muros
541 3200 671 3251 transeat
685 3191 797 3268 hostis,'
814 3192 864 3254 ait.

139 3272 202 3333 Dat
216 3288 314 3335 tamen
330 3281 507 3372 exsequias:
531 3303 593 3358 nec
599 3283 663 3366 jam
678 3287 860 3367 suspendere
875 3288 981 3349 fletum

181 3367 330 3443 Slrstinet3
354 3384 385 3431 et
400 3374 496 3455 pietas
512 3377 694 3441 dissimulata
709 3394 802 3461 patet.

138 3458 309 3541 Osculaque
324 3467 469 3545 applicuit
484 3472 583 3551 posito
597 3496 736 3555 suprema
751 3475 875 3540 feretro:
1033 3522 1039 3533 ·

181 3554 282 3634 Atque
298 3557 354 3618 ait:
379 3560 498 3639 ‘lpvitd
515 3564 604 3630 frater
617 3568 770 3653 adempte,
788 3572 873 3635 vale'
1064 3575 1128 3637 100
