2634 4259
540 399 714 455 nr1sronn
736 402 795 454 vn.

193 536 223 607 C
243 558 303 607 rtus
318 546 364 623 er,
376 539 484 622 AEnea‚
499 568 568 609 oum
583 547 695 610 soedere
709 548 824 609 solvere
838 531 946 609 naves:

181 704 187 707 .
215 565 374 725 (Quaeque
388 643 438 705 ubi
453 644 510 705 sint
524 612 721 747 nescis>ltala
733 666 824 725 regna
837 644 930 726 sequi.
1025 632 1028 637 ¹

144 780 148 787 -
192 713 260 801 Nec
274 759 353 801 nova
366 737 527 821 Carthago,
540 761 596 803 nec
611 755 642 801 te
655 740 817 802 crescentia
831 754 952 820 tangunt

235 832 369 909 Moenia;
391 856 448 897 nec
463 849 579 917 sceptro
593 837 698 900 tradita
713 856 828 899 summa
841 851 903 897 tuo.
1128 842 1166 898 10

192 926 288 992 Facta
302 929 395 1015 sugis3
418 930 549 993 facienda
565 932 652 1015 petis.
698 932 869 1005 Querenda
883 953 937 1016 per
949 933 1051 996 orbem
1080 986 1084 991 .

235 1026 350 1103 Altera,
366 1028 486 1110 quesita
500 1042 544 1097 est
559 1029 650 1090 altera
664 1042 741 1105 terra
759 1027 822 1090 tibi.

191 1119 237 1185 Ut
252 1137 358 1185 terram
373 1124 515 1200 invenias,
531 1125 595 1208 quis
610 1146 676 1186 eam
691 1118 743 1187 tibi
758 1126 1055 1194 tradet-habendam?
1117 1122 1129 1141 ⁶

236 1217 315 1292 Quis
329 1214 383 1281 sua
396 1242 455 1282 non
469 1221 629 1283 notisarva
643 1222 772 1284 tenenda
786 1223 888 1284 dabit?

191 1316 280 1379 Alter
293 1316 445 1380 habendus
460 1318 606 1380 amortibi
619 1333 722 1395 restat,
736 1333 766 1380 et
781 1320 871 1381 altera
887 1317 985 1381 Dido:
1125 1322 1165 1382 15

235 1411 396 1497 Quamque
412 1415 518 1476 iterum
532 1414 625 1490 sallas,
641 1416 732 1477 altera
747 1415 844 1477 danda
857 1416 939 1477 fides.
1239 1402 1249 1419 ⁰

192 1500 324 1582 Quando
339 1510 402 1587 erit,
417 1524 450 1572 ut
463 1510 572 1571 condas
583 1512 674 1573 instar
683 1510 869 1593 Carthaginis
880 1511 994 1587 urbem,

173 1686 176 1695 Ι
234 1605 275 1668 Εῑ
290 1606 389 1668 videas
405 1607 531 1690 populos
545 1607 620 1669 altus
635 1608 754 1670 abarce
769 1611 855 1670 tuos?

191 1700 300 1765 Omnia
315 1716 347 1764 ut
362 1704 507 1780 eveniant,
521 1724 578 1765 nec
593 1718 622 1766 te
636 1717 687 1765 tua
702 1718 771 1766 vota
785 1718 951 1780 morentur3

232 1793 324 1873 Unde
339 1800 401 1877 tibi,
418 1820 481 1883 quae
495 1814 525 1861 te
540 1801 581 1862 sic
596 1815 686 1876 amet,
700 1823 776 1862 uxor
788 1802 864 1886 erit?

190 1891 409 1971 AEneaslooulis
424 1918 542 1980 semper
555 1897 700 1978 vigilantis
714 1897 855 1972 inhaeretr

234 1992 351 2055 AEnean
367 1994 464 2055 animo
479 2014 597 2076 noxque
614 1994 736 2076 diesque
750 1993 849 2056 refert.
920 2020 924 2024 *

191 2087 244 2151 Ille
260 2091 379 2174 quidem
393 2090 471 2153 male
486 2104 595 2172 gratus,
611 2104 640 2152 et
655 2090 693 2151 ad
708 2112 775 2179 mea
788 2104 911 2153 munera
924 2088 1046 2168 surdus3
1139 2139 1144 2147 .

233 2185 275 2248 Et
290 2209 358 2270 quc,
373 2188 396 2249 si
410 2207 469 2250 noo
484 2189 537 2249 sim
553 2188 650 2263 stulta,
665 2177 765 2249 carere
779 2189 886 2250 velim:

190 2280 260 2345 Non
275 2280 375 2345 tamen
389 2282 517 2360 AEnean,
531 2285 669 2369 quamvis
683 2283 760 2346 male
774 2286 894 2367 cogitat,
909 2286 957 2347 odi
967 2308 988 2348 :-
1119 2278 1162 2343 25

233 2379 294 2441 Sed
310 2401 416 2463 queror
428 2380 559 2455 infidum,
575 2394 737 2467 questaque
752 2381 836 2464 pejus
851 2403 928 2444 amo.
943 2450 955 2455 ⁴,

191 2472 296 2553 Parce,
312 2472 427 2552 Venor,
444 2476 539 2552 nurui,
554 2476 718 2559 durumque
733 2478 911 2559 amplectere
926 2477 1055 2556 sratl'em,

232 2572 337 2635 Frater
351 2574 462 2635 Amor:
485 2572 585 2635 castris
599 2574 704 2637 militet
718 2574 767 2635 ille
783 2574 850 2636 tuis.

189 2668 311 2747 Faller3
334 2685 364 2731 et
378 2670 430 2731 ista
445 2670 517 2732 mihi
531 2669 604 2731 salsd
615 2670 743 2754 jactatur
757 2672 863 2754 imago.

232 2764 337 2828 Matris
352 2767 388 2827 ab
404 2767 520 2848 ingenio
535 2768 653 2831 dissidet
670 2769 717 2829 ille
732 2791 802 2831 suae.

189 2860 237 2925 Te
252 2863 337 2947 lapis,
352 2877 381 2925 et
397 2878 520 2939 montes,
536 2864 692 2947 innataque
707 2868 827 2947 rupibus
842 2868 906 2930 altis

232 2959 364 3036 Robora,
379 2973 409 3021 te
424 2982 506 3022 saevae
523 2962 705 3042 progenuere
720 2960 804 3023 serae:

190 3055 253 3118 Aut
268 3077 359 3134 mare,
374 3057 460 3139 quale
476 3056 556 3117 vides
572 3057 673 3138 agitari
687 3079 766 3121 nunc
781 3080 898 3141 quoque
914 3063 1025 3123 ventis:

229 3152 325 3226 Quod
340 3168 438 3215 tamen
454 3153 581 3220 adversis
596 3154 732 3218 fluctibus
747 3155 787 3215 ire
802 3173 896 3237 paras.

190 3247 263 3323 Quo
278 3249 374 3331 sugis?
396 3250 491 3313 obstat
507 3238 618 3318 hiems:
642 3250 746 3312 hiemis
760 3251 832 3313 milri
847 3253 937 3334 gratia
952 3255 1052 3337 prosita
1117 3260 1160 3321 35

231 3342 374 3429 Adspice,
390 3361 422 3409 ut
437 3368 553 3409 eversas
568 3348 697 3410 concitet
711 3347 809 3411 Eurus
824 3371 924 3433 aquas.

189 3438 282 3516 Quod
298 3443 349 3505 tibi
363 3444 525 3520 maluerim,
541 3445 603 3505 sine
619 3466 667 3505 me
682 3445 789 3506 debere
805 3447 949 3528 procellis.

121 3598 129 3613 ,
231 3538 342 3603 Justior
356 3554 400 3603 est
415 3541 511 3603 animo
527 3555 632 3603 ventus
647 3556 678 3604 et
692 3542 770 3604 unda
785 3557 847 3633 tuo.

488 3640 527 3699 14
