2634 4259
200 398 261 468 tes
517 458 519 467 ,
587 398 779 463 ennomus

194 558 239 624 Ut
252 553 343 623 rediit-
352 555 476 637 animus,
491 560 599 645 pariter
612 550 727 622 iediere
741 559 857 621 dolores
867 578 884 635 3'

141 682 156 703 ³
237 652 366 720 Pectom
381 657 528 739 legitimus
542 671 623 720 easta
637 657 794 719 momordit
808 676 901 717 amor.

194 751 263 816 Nec
277 754 354 816 mihi·
365 754 528 837 pectendos
542 774 612 816 cura
626 767 673 816 est
687 753 818 837 praebere
831 751 954 835 capillos
963 774 979 814 :-

237 848 305 913 Nee
318 850 391 912 libet
406 849 508 911 aurati
521 872 644 935 corpora
659 863 742 911 veste
757 848 828 931 tegi.
877 840 881 844 ’

191 942 239 1009 Ut
253 960 325 1029 quas
340 946 500 1030 pampineis
515 946 644 1029 tetigisse
658 945 834 1027 Bioorniger
847 944 939 1008 hasti
993 966 996 970 ’

238 1042 397 1119 Creditur3
419 1044 478 1105 huo
492 1044 572 1121 illuc,
588 1043 648 1127 qud
665 1042 743 1105 furor
757 1043 832 1123 egit,
842 1063 900 1104 eo.-

194 1138 390 1203 Conveniunt
403 1154 510 1201 matres
524 1140 712 1223 Phylleides‚
727 1152 758 1202 et
771 1139 851 1200 mihi
858 1139 1004 1221 clainaut,
1021 1184 1024 1186 Α

237 1235 350 1298 ‘Indue
365 1237 489 1318 regales,
504 1235 716 1312 Laodamia,
693 1235 796 1297 smus)

194 1331 335 1397 scilicet·
328 1354 392 1416 ipsa
405 1354 506 1414 geram
520 1346 662 1397 saturatas
675 1332 787 1394 murice
803 1345 922 1394 vestesz

235 1428 325 1491 Bella
340 1429 394 1491 sub
409 1428 505 1491 Iliacis
518 1430 666 1492 moenibus
680 1428 729 1490 ille
743 1430 847 1509 geiat?

193 1524 263 1589 I'usa
276 1547 376 1589 comas
391 1540 509 1609 pecta-r:
532 1525 619 1608 galei
632 1539 723 1607 caput
737 1525 785 1587 ille
801 1528 974 1608 prematur?
1071 1550 1075 1554 ·

235 1619 306 1705 lpsa
320 1618 411 1684 novas
427 1638 542 1684 vestes:
567 1622 644 1683 dura
656 1622 701 1683 vir
714 1643 793 1683 arma
808 1621 909 1685 serati

193 1715 267 1793 Qua
281 1738 412 1801 possum,
427 1719 561 1802 squalore
576 1732 642 1780 tuos
657 1718 769 1780 imitata
783 1718 898 1781 labores

147 1808 199 1913 Γ
235 1814 344 1877 Dicar:
368 1828 399 1877 et
413 1816 476 1878 haeo
490 1816 560 1878 belli
574 1828 710 1899 tempora
723 1814 811 1878 tristis
825 1837 925 1899 agam.

118 1906 122 1913 ¹
146 1905 153 1985 ³,
177 1892 268 1986 sD‘ix
283 1911 353 1974 Pari
367 1911 528 1990 Priamide,
543 1913 651 2008 damno
667 1912 793 1978 formose
807 1926 935 1991 tuorum,
1011 1920 1015 1926 ’

188 2008 351 2072 Tam
329 2030 367 2071 s1s
366 2002 496 2073 hostis
488 2031 576 2087 mers,
592 2010 682 2093 quim
695 2010 791 2071 malus'
805 2010 914 2092 hospes
928 2032 1008 2073 eras

144 2080 157 2197 'C
192 2096 258 2167 Aut
272 2119 302 2167 te
316 2103 459 2168 Tenatiae
475 2105 582 2173 faeiem
596 2105 734 2188 culpaisse
748 2106 869 2183 maritae,

172 2220 176 2227 ·
197 2203 300 2281 „dut
313 2202 354 2264 illi
370 2202 477 2265 vellem
492 2202 674 2285 displicuisse
689 2216 781 2264 tuam.

192 2300 255 2380 Tu,
270 2302 320 2385 qui
335 2322 389 2386 pro
404 2291 488 2385 rapta
501 2299 634 2379 nimium,
649 2300 807 2385 Menelai,
815 2302 941 2381 laboras,

235 2396 296 2462 Hei
311 2399 394 2477 mihi,
411 2400 501 2484 quiam
514 2398 613 2461 multis
627 2398 732 2461 flebilis
746 2400 823 2461 ultor
837 2400 911 2463 eris!

143 2568 150 2582 ι
193 2494 247 2572 Di,
263 2516 377 2579 precor,
393 2497 509 2559 anobis
524 2518 612 2559 omen
627 2510 779 2559 removete
794 2497 957 2560 sinistrum:

235 2590 278 2653 Et
292 2594 409 2655 suadet
423 2590 524 2655 reduoi
540 2594 583 2655 vir
596 2614 681 2655 meus
696 2615 777 2655 anna
790 2592 874 2656 Jovi·

193 2688 254 2752 Sed
269 2689 377 2751 timeo:
402 2690 575 2773 quotiesque
591 2685 668 2751 subit
683 2677 847 2762 misembile
863 2691 985 2769 bullum,

235 2783 365 2848 More
337 2787 423 2863 mviS,
438 2787 587 2869 lacrymae,
601 2787 665 2849 sole
679 2788 835 2865 madentis,
849 2800 932 2851 eunt.

192 2882 267 2945 Ilion
283 2897 313 2945 et
327 2879 479 2960 Tenedos,
495 2884 674 2998 Simoisque,
690 2898 720 2945 et
736 2883 887 2963 Xanthus,
902 2900 932 2948 et
947 2883 1011 2995 lde,

236 2978 365 3043 Nomina
380 2995 447 3043 sunt
461 2982 525 3065 ipso
540 2982 617 3091 pene
633 2982 764 3044 timenda
777 3003 860 3044 sono

193 3074 260 3139 Nec
274 3098 377 3160 rapere
393 3098 525 3155 ausurus,
540 3078 594 3140 nisi
610 3100 641 3140 se
657 3076 816 3140 defendere
832 3083 942 3162 pos'set,
1127 3081 1170 3143 55

234 3172 355 3258 Hospes
371 3189 449 3237 erat:
474 3176 555 3237 vires
565 3189 688 3237 noverat
702 3175 750 3237 ille
766 3192 844 3238 suas‘.

194 3268 326 3332 Venerat
343 3270 391 3357 (ut
405 3270 482 3333 lama
497 3276 557 3358 est)
574 3273 668 3334 multo
683 3260 850 3355 spectabilis
865 3292 946 3350 auro,

235 3364 359 3451 Quique
374 3389 428 3430 suo
442 3368 589 3451 Phrygias
604 3390 727 3452 corpore
742 3368 829 3432 senet
843 3392 928 3453 opes.

192 3460 299 3551 Classe
314 3464 441 3548 virisque
456 3480 573 3548 potem,
589 3483 720 3550 perque
737 3466 798 3529 sera
811 3468 890 3530 bella
903 3481 1059 3550 geruntur:

234 3557 276 3621 Et
290 3561 421 3643 sequitui
434 3562 515 3643 regni
530 3582 596 3646 pars
613 3578 818 3648 quotacunque
834 3566 887 3627 sui.
1124 3565 1169 3627 60
