2634 4259
185 382 249 449 182
585 351 757 462 rars'nn'

183 539 342 603 Successor
355 538 409 603 fuit
421 540 469 605 hie
484 542 546 619 tibi,
562 542 669 619 Galle;
689 542 860 625 Propertius
873 535 926 604 illi.

225 635 358 711 Quartus
372 636 410 701 ab
424 639 468 701 his
484 638 558 701 serie
571 640 713 723 temporis
727 640 791 723 ipse
805 639 858 701 firi.

182 730 284 815 thue
300 754 357 815 ego
370 733 506 818 majores,
522 735 564 796 sic
578 756 627 796 me
642 736 761 797 coluere
776 736 918 797 minores:
1043 722 1049 729 ’
1116 732 1162 794 55

223 827 362 913 Notaque
378 852 437 892 uon
452 829 534 893 tarde
543 828 626 892 'sacta
641 830 751 891 Thalia
766 851 834 891 mea
847 843 903 891 est.

181 922 325 989 Carmina
338 928 408 988 crim
423 926 551 1009 primirm
565 926 677 1008 populo
687 925 831 1009 juvenilia
844 926 921 1007 lagi3

222 1006 323 1083 Babba
336 1036 450 1084 resecta
465 1022 537 1083 mihi
552 1022 633 1083 bisve
648 1021 780 1083 semelve
797 1020 861 1083 suit.

180 1102 318 1181 Moverat
333 1118 493 1200 ingenium,
508 1122 600 1180 totam
615 1130 732 1179 cantata
747 1138 801 1200 per
814 1116 939 1201 Urbem,

222 1212 351 1275 Nomine
366 1236 425 1276 non
440 1236 510 1277 vero
525 1214 604 1281 dicta
617 1212 750 1277 Corinna
770 1213 853 1275 mihi.
914 1264 920 1273 .
1113 1212 1159 1274 60

179 1308 276 1372 Multa
292 1311 411 1394 quidem
425 1310 545 1394 scripsi:
568 1310 621 1371 sed
637 1328 700 1393 que
717 1310 821 1372 vitiosa
835 1308 946 1393 putavi,

222 1405 431 1469 Emendaturis
445 1407 559 1488 ignibus
574 1407 637 1490 ipse
651 1406 733 1483 dedi.
836 1423 839 1427 ⁴
1300 1327 1306 1562 l

179 1501 260 1565 Turn
276 1524 405 1588 quoque,
420 1505 489 1566 edm
505 1502 648 1585 fugerem,
664 1496 798 1587 q'uaedam
813 1501 954 1585 placitam
967 1502 1108 1577 cremavi,

221 1598 315 1662 Iratus
330 1601 426 1662 studio
440 1600 675 1682 carminibusque
697 1600 786 1661 meis·

178 1692 284 1774 mone,
299 1696 475 1780 cupidineis
489 1718 545 1765 nec
560 1695 788 1778 inexpugnabile
802 1694 867 1757 tens
1051 1708 1058 1717 ·
1111 1694 1155 1755 es
1303 1659 1306 1856 Ι

219 1793 283 1856 Cor
297 1793 379 1870 mihi,
395 1790 532 1877 quodque
547 1793 620 1855 levis
634 1812 725 1853 causa
738 1784 881 1867 moveret,
896 1804 968 1873 erat.

178 1888 260 1953 Clam
275 1906 374 1953 tamen
389 1891 446 1953 hoc
462 1910 570 1966 essem,
586 1888 768 1970 minimoque
782 1887 960 1951 accenderer
974 1885 1052 1968 igni3

220 1985 349 2049 Nomine
364 1987 418 2049 sub
432 2000 531 2071 nostro
545 1984 643 2047 sabula
657 1985 738 2046 nulla
752 1984 816 2045 firit.
857 2018 862 2026 ·

178 2082 263 2146 Pene
280 2084 351 2145 mihi
367 2104 460 2166 puero
474 2096 531 2145 nec
546 2083 643 2163 digna,
658 2102 716 2142 nec
730 2081 818 2164 utilis,
832 2099 908 2145 lusor

219 2178 275 2241 Est
290 2179 374 2241 data:
399 2200 462 2262 quae
479 2171 595 2260 tempus
610 2177 755 2259 perbreve
769 2190 863 2258 nupta
876 2174 940 2238 suit.
1109 2177 1154 2238 70

177 2275 223 2338 Illi
238 2276 389 2351 suecessit,
406 2275 538 2358 quamvis
553 2273 616 2335 sine
630 2272 763 2355 crimine,
776 2272 905 2357 conjux;
939 2312 959 2345 .
1151 2256 1165 2283 ’

219 2371 289 2435 Non
304 2386 404 2435 tamen
418 2371 448 2433 in
463 2385 562 2434 nostro
575 2370 658 2431 firma
672 2369 769 2431 lutura
783 2382 858 2431 toro.

176 2469 300 2546 Ultima,
316 2490 379 2552 quae
394 2491 513 2533 mecum
528 2489 606 2530 seros
621 2467 780 2550 permansit
794 2466 824 2528 in
839 2487 940 2543 annos,

219 2564 362 2625 Sustinuit
376 2562 487 2646 conjux
502 2562 612 2624 exsulis
627 2581 693 2623 esse
709 2561 772 2623 viri.
941 2634 944 2640 1
1103 2616 1111 2631 ,

176 2658 252 2722 Filia
267 2680 316 2720 me
331 2680 399 2721 mea
411 2659 456 2719 bis
470 2657 565 2741 primi
580 2656 719 2719 soecunda
728 2656 866 2739 juventi,
1109 2655 1153 2717 75

218 2755 280 2817 Sed
295 2777 354 2817 non
369 2776 409 2816 ex
424 2776 484 2816 unu
498 2753 635 2837 conjuge,
652 2752 722 2814 secit
735 2774 836 2813 avum.

176 2852 219 2917 Et
228 2852 292 2938 jam
305 2852 470 2936 complerat
484 2850 598 2933 genitur
612 2870 665 2911 sua
680 2848 757 2925 sata3
778 2868 945 2931 novemque

218 2948 383 3013 Addiderat
397 2949 493 3011 lustris
509 2948 600 3011 altera
614 2948 705 3009 lustra
719 2966 838 3038 novem.

176 3047 247 3112 Non
261 3049 345 3110 aliter
359 3047 440 3123 flevi,
456 3048 545 3130 quam
560 3066 609 3109 me
625 3044 747 3107 fleturus
764 3044 936 3125 ademptum

218 3145 273 3209 Ille
288 3143 352 3206 fuit.
396 3142 487 3205 Matri
502 3142 637 3226 proxima
648 3140 729 3225 justa
743 3140 807 3201 tuli.
1054 3209 1062 3222 ι
1109 3138 1153 3199 80

168 3236 295 3305 'Felices
310 3241 408 3317 ambe,
423 3237 663 3322 tempestivaque
676 3237 795 3319 sepulti,

193 3348 205 3415 ζ
219 3340 300 3401 Ante
316 3336 394 3399 diem
409 3356 505 3419 poenae
520 3334 598 3419 qubd
615 3333 729 3417 periere
744 3333 836 3395 mee!

177 3433 232 3499 Me
247 3454 364 3517 quoque
380 3431 507 3509 felicem,
523 3430 602 3514 qubd
617 3452 677 3492 non
692 3429 859 3492 viventibus
873 3429 928 3491 illis

218 3529 293 3593 Sum
307 3529 395 3593 miser
403 3550 412 3607 3
434 3541 465 3591 et
479 3528 517 3590 de
531 3548 580 3590 me
596 3526 676 3611 qubd
691 3525 813 3595 doluere
827 3526 916 3589 nibil!
