2634 4259
177 384 220 446 88
321 374 327 381 ’
486 393 833 445 rmrnuonruosuort

176 538 375 625 Deseruitque
390 540 516 603 ducem:
537 543 668 626 coelique
680 534 820 626 cupidine
833 557 944 607 tractus

177 637 274 699 Altius
288 638 349 719 egit
362 638 428 699 iter.
473 636 583 723 Rapidi
598 640 706 705 vicinia
718 640 789 702 solis

175 730 274 795 Mollit
287 734 433 810 odoratas,
448 755 612 817 pennarum
626 737 755 812 vinctda,
768 750 880 803 ceras}

174 827 346 891 Tabuerant
359 851 451 893 cere:
474 831 569 893 nudos
584 832 678 915 quatit
691 833 741 894 ille
754 834 899 895 lacertos:

174 922 373 1009 Remigioque
387 948 490 988 carens
505 949 564 989 non
578 928 652 989 ullas
667 929 793 1012 percipit
804 950 902 991 auras.
937 926 941 931 ’

173 1020 294 1106 Oraque
309 1023 445 1099 cendeei,
460 1024 586 1107 patrium
600 1024 759 1087 clamantia
771 1046 891 1101 nomen,

173 1116 372 1201 Excipiuntur
385 1120 479 1203 aquai:
503 1142 567 1203 quae
582 1141 692 1182 nomeu
705 1122 796 1184 traxit
809 1122 847 1184 ab
861 1122 923 1184 illo.

172 1214 216 1277 At
230 1230 315 1298 pater
328 1212 441 1293 infelix,
455 1238 513 1277 nec
523 1216 586 1300 jam
600 1231 695 1299 pater,
708 1216 833 1294 ‘Icare,’
848 1219 935 1296 dixit,

173 1311 294 1389 ‘Icare,’
311 1312 395 1389 dixit,
410 1312 480 1374 ‘ubi
494 1315 548 1375 esi
570 1313 630 1396 quit
643 1327 675 1375 te
688 1314 808 1397 regione
822 1316 991 1399 requiram?

172 1408 276 1487 lcare,'
292 1410 427 1472 dicebat:
449 1430 564 1492 pennas
572 1410 715 1493 adspexit
728 1411 759 1473 iu
772 1412 870 1487 undis,

172 1506 363 1591 Devovitqne
377 1528 444 1569 suas
459 1520 553 1584 artes-3
575 1528 741 1591 corpusque
755 1508 892 1590 septdcro

172 1603 325 1681 Condidit,
340 1618 371 1667 et
384 1604 471 1665 tellus
485 1626 504 1666 a
517 1604 636 1665 nomine
651 1604 731 1666 dieta
743 1606 866 1687 sepulti.

215 1700 305 1764 Hunc
319 1702 418 1771 miseri
432 1700 546 1763 tumulo
560 1714 722 1783 ponentem
735 1723 860 1785 corpora
872 1702 934 1764 uati

172 1798 297 1861 Garrula
310 1798 427 1861 ramosa
440 1798 594 1881 prospexit
608 1798 645 1860 ab
659 1798 729 1860 ilice
741 1799 859 1882 perdix,

171 1895 213 1959 Et
227 1897 335 1981 plausit
349 1896 463 1980 pennis,
478 1908 644 1979 testataque
658 1896 767 1977 gaudia
778 1910 866 1959 cantu
881 1909 946 1972 est3

171 1992 269 2056 Unica
283 2008 354 2057 tunc
369 1993 505 2069 volucris,
520 2014 577 2055 neo
592 1993 654 2054 visa
669 1993 811 2076 prioribus
825 1993 919 2069 anuis,

170 2090 325 2174 Factaque
339 2112 435 2173 nuper
449 2089 521 2165 avis,
536 2090 655 2171 longum
671 2090 736 2164 triti,
750 2088 886 2166 Daedele,
899 2088 1024 2151 crimen.

170 2186 309 2270 Namque
325 2186 394 2247 huic
407 2185 575 2259 tradiderat,
591 2184 717 2246 fatorum
730 2185 841 2265 ignara,
855 2186 1021 2257 docendam

170 2283 348 2365 Progeniem
362 2300 501 2363 germana
514 2301 610 2355 suam,
623 2279 768 2342 natalibus
782 2282 855 2343 actis
925 2356 935 2369 .

169 2380 224 2442 Bis
239 2401 364 2463 puerum
377 2378 466 2455 senis,
481 2377 570 2439 animi
584 2377 622 2439 ad
636 2391 785 2461 praecepta
802 2379 932 2463 capacis.

170 2477 224 2539 Ille
240 2477 328 2539 etiam
344 2476 442 2538 medio
455 2475 555 2559 spinas
569 2474 599 2536 in
614 2475 697 2558 pisce
710 2489 825 2538 notatas

112 2632 117 2637 .
169 2574 276 2636 Traxit
292 2574 320 2635 in
335 2573 525 2655 exemplum:
548 2570 684 2654 ferroque
698 2572 798 2634 incidit
813 2587 902 2635 acuto

170 2672 336 2755 Perpetuos
351 2668 472 2744 dentes3
494 2682 525 2731 et
540 2689 624 2729 serrae
639 2668 749 2750 reperit
763 2691 860 2730 usum.

170 2767 288 2830 Primus
303 2778 332 2827 et
347 2786 387 2827 ex
402 2786 462 2827 uno
476 2764 536 2826 duo
549 2763 643 2827 ferrea
656 2765 776 2827 brachia
789 2766 868 2831 uodo

171 2863 295 2939 Vinxit3
316 2876 359 2938 ut,
371 2861 473 2945 equali
484 2861 580 2945 spatio
590 2861 763 2924 distantibus
778 2861 844 2939 iltis,

102 2984 105 2991 ’
170 2962 274 3025 Altera
288 2982 355 3045 pars
369 2973 475 3035 staret3
495 2980 564 3042 pars
578 2960 670 3021 altera
684 2958 807 3022 duceret
820 2961 933 3033 orbem.

213 3058 352 3121 Daedalus
368 3057 471 3123 invidit
480 3078 488 3133 3
510 3056 652 3141 sacrique
668 3077 708 3119 ex
722 3078 789 3119 arce
803 3055 947 3119 Minerva
976 3124 979 3130 ,

170 3155 356 3239 Praecipitem
370 3154 469 3228 mittit,
484 3154 598 3235 lapsum
613 3154 764 3216 mentitus·
807 3154 958 3231 Atilium,
1055 3176 1063 3193 ¹

171 3252 248 3325 Qun
264 3251 343 3313 savet
358 3249 491 3332 ingeniis,
506 3250 626 3332 excepit
644 3248 761 3313 Pallas:
783 3271 930 3335 avemque

171 3347 325 3422 Reddidit,
340 3359 370 3408 et
384 3344 482 3409 medio
497 3345 606 3407 velavit
620 3345 650 3407 in
665 3349 734 3407 aere
749 3348 864 3429 pennis.

171 3445 232 3507 Sed
247 3444 329 3524 vigor
343 3442 451 3523 ingenii
465 3441 613 3523 quondam
629 3441 738 3504 velocis
753 3443 784 3504 in
797 3444 868 3520 alas,

172 3540 264 3625 inque
280 3539 374 3623 pedes
388 3538 473 3601 abiit:
497 3558 618 3614 nomen,-
632 3538 710 3621 quod
725 3552 756 3601 et
770 3539 850 3616 ante,
864 3543 1013 3605 remansit.
