2634 4259
594 394 703 455 tinne
725 406 781 454 xv.
836 394 839 399 ’

202 546 279 632 Nec,
293 552 348 617 nisi
362 550 432 617 clim
446 554 543 618 senior
556 550 665 616 similes
680 550 837 636 requererit
846 574 954 633 ⁴annos,

203 651 359 715 AEtherees
373 652 459 713 sedes
473 664 657 734 cognataque
672 650 769 714 sidere
783 663 894 731 tanget.

200 743 289 825 Hunc
303 749 431 810 enimam
445 748 556 809 interea
569 768 645 809 caeso
661 747 698 808 de
713 768 838 830 corpore
852 760 978 828 raptam,

200 844 265 907 Fae
274 844 373 929 jubar,
387 858 420 906 ut
434 864 552 927 semper
566 842 718 931 Capitolia
727 834 829 905 'nostru
843 841 1015 926 Forumque
1118 889 1121 893 ι

199 939 297 1003 Divus
312 942 350 1003 ab
364 939 486 1003 excelsi
500 939 780 1023 prospectet-Julius
795 939 881 1001 ede!
1003 1003 1006 1008 ,
1110 941 1175 1003 29⁶

243 1032 306 1099 Vix
321 1058 358 1098 ea
371 1034 447 1099 letus
460 1049 534 1113 erat,
549 1036 649 1099 medii
660 1035 731 1098 clun
745 1035 816 1099 sede
832 1035 960 1098 Senetris

198 1130 342 1199 Constitit
355 1133 433 1198 alma
448 1131 562 1209 Venus,
577 1130 649 1194 nulli
662 1129 821 1209 cernenda,
835 1132 940 1215 suique

199 1229 325 1293 cesaris
340 1229 446 1313 eripuit
459 1228 607 1306 membris,
620 1250 679 1291 nec
691 1228 723 1291 in
738 1231 806 1290 ae're
819 1228 892 1290 solvi
952 1274 955 1286 .

198 1325 292 1388 Passa
305 1332 455 1389 recentem
470 1326 608 1402 enimam,
623 1325 793 1388 coelestibus
807 1325 905 1387 intulit
918 1324 1012 1387 esne.

196 1421 341 1507 Dumque
356 1422 432 1499 tulit,
440 1422 547 1487 'lumen
562 1440 681 1504 cepere,
697 1422 787 1505 etque
801 1422 951 1502 ignoscere
966 1422 1067 1500 sensu,
1110 1425 1175 1487 000

198 1518 364 1603 Emisitque
379 1519 456 1583 sinu.
499 1517 590 1580 Luni
605 1518 684 1580 volet
697 1518 784 1580 altius
797 1515 865 1592 ille,
1013 1543 1017 1548 ¹
1053 1530 1057 1538 “

198 1614 481 1699 Flammiferumque'
494 1614 613 1677 trahens
623 1615 755 1697 rspetioso
769 1614 862 1677 limite
877 1612 988 1679 crinem

168 1748 174 1759 ι
196 1712 292 1775 Stella
306 1713 405 1789 micet,
420 1713 539 1795 natique
556 1711 658 1775 videns
673 1713 752 1773 bene
765 1711 855 1789 secta,
870 1710 992 1774 setemr'
1052 1762 1057 1766 .

199 1808 275 1872 Esse
290 1810 349 1871 suis
363 1808 483 1894 majore,
495 1820 526 1870 et
541 1808 617 1869 vinei
631 1808 741 1890 gaudet
755 1804 793 1869 eb
807 1809 868 1871 illo.

162 1960 165 1965 .
191 1904 259 1975 ,Hie
274 1925 327 1968 sua
340 1905 469 1990 praeserri
485 1924 656 1989 quanquam
671 1918 751 1966 vetet
767 1918 833 1966 neta
846 1904 993 1987 peternis3
1108 1908 1174 1971 305

199 2002 311 2067 Libera
325 2002 403 2065 ferne
418 2015 527 2079 temen,
542 2001 688 2085 nullisque
702 2000 831 2063 obnoxia
839 2000 940 2085 jussis,

171 2171 177 2183 ¹
198 2099 328 2163 Invitum
343 2096 476 2184 prefert3
489 2096 618 2187 unique
634 2098 664 2159 in
678 2109 761 2181 parte
775 2103 931 2181 repugnet.

144 2237 147 2242 -
199 2195 249 2261 Sic
263 2198 362 2279 magni
375 2196 457 2260 cedit
471 2196 560 2258 titulis
578 2196 810 2277 Agamemnonis
825 2196 954 2258 Atreus:

198 2293 297 2377 AEgen
310 2294 353 2356 sic
366 2293 515 2369 Theseus,
530 2293 572 2355 sic
586 2292 682 2354 Pelea
696 2292 786 2355 vincit
801 2293 946 2355 Achilles.

198 2390 350 2474 Denique,
365 2404 398 2451 ut
412 2388 560 2471 exemplis
576 2389 655 2470 ipsos
671 2388 851 2471 equentibus
865 2402 940 2465 utar,
1110 2390 1175 2453 ³10

198 2487 250 2549 Sic
263 2487 295 2549 it
311 2486 453 2549 Saturnus
468 2485 563 2547 minor
576 2498 622 2546 est
635 2483 725 2546 Jove.
770 2483 888 2567 Jupiter
902 2504 996 2575 ecres‘
1046 2502 1063 2542 '‚

199 2581 362 2666 Temperat
376 2583 526 2658 ethereas,
541 2595 571 2643 et
586 2580 688 2643 mundi
703 2601 793 2663 regne
807 2568 978 2644 triformi?

198 2678 293 2743 Terra
306 2680 361 2741 sub
376 2680 533 2761 Augusto:
557 2692 642 2762 pater
655 2692 702 2740 est
717 2694 747 2741 et
761 2692 858 2742 rector
867 2692 1003 2763 uterque.

241 2775 295 2853 Di,
310 2796 425 2859 precor,
441 2773 546 2838 AEneae
561 2776 695 2853 comites„
711 2776 815 2859 quibus
830 2776 907 2838 ensis
922 2789 953 2838 'et
967 2776 1042 2858 iguis

165 2908 167 2913 ,
198 2870 373 2950 Cesserunt,
388 2872 477 2956 dique
493 2870 655 2954 Indigetes,
670 2873 854 2955 genitorque,
870 2871 1008 2950 Quirine,
1110 2874 1174 2937 315

198 2967 299 3047 Urbis,
314 2982 344 3031 et
358 2968 458 3031 invicti
473 2968 597 3050 genitor,
613 2967 755 3044 Gradive,
768 2965 900 3045 Quirini,

133 3112 137 3120 .
200 3064 352 3150 Vestaque
367 3065 520 3129 Cesareos
534 3065 609 3127 inter
623 3078 736 3126 sacrate
750 3063 892 3142 Penates,

199 3162 324 3226 Etcum
338 3160 477 3226 cesaree
492 3174 534 3237 tu,
549 3160 669 3224 Phoebe
684 3162 856 3239 domestice,
872 3160 980 3239 Vestri,

198 3259 321 3344 Quique
335 3273 419 3323 tenes
434 3260 509 3321 altus
523 3258 679 3342 Tarpeias,
694 3257 821 3343 Jupiter,
836 3279 929 3337 eroes,

198 3356 345 3440 Quosque
360 3355 431 3419 elios
446 3356 505 3418 veti
520 3354 563 3417 las
578 3356 728 3439 appellere
743 3357 904 3439 piumque;
1109 3356 1174 3418 320

197 3454 298 3515 Tarde
313 3454 349 3515 sit
364 3453 413 3514 illa
427 3452 499 3529 (lies,
515 3466 545 3515 et
559 3466 660 3515 nostro
675 3453 766 3515 serior
780 3474 854 3529 evo,

198 3550 272 3623 Qut
286 3562 376 3632 caput
391 3549 571 3629 Augustum,
587 3570 675 3632 quem
690 3562 846 3631 temperat,
858 3548 928 3611 orbe
942 3548 1046 3612 relicto

198 3645 334 3709 Accedat
348 3646 435 3723 coelo,
451 3644 608 3729 leventque
623 3646 809 3729 precantibus
823 3646 940 3710 emens.
