2634 4259
184 398 246 460 172
617 406 728 457 rnsrr.

237 517 240 523 .
683 501 698 530 0

224 557 363 638 Surgunt.
409 556 459 618 Ex
475 556 529 619 illis
544 557 635 619 altera
650 556 744 641 major
757 532 835 621 erait:

180 652 222 717 Et
236 654 372 735 gravibus
388 654 475 717 ramis
488 654 584 730 toturn
600 666 769 737 protexerat
788 656 902 730 orbem,

223 750 456 834 Contigeratque
471 751 549 813 novi
563 752 657 815 sidera
671 773 788 813 summa
802 750 899 813 contai.

180 847 262 911 Ecce
277 870 361 909 meus
377 848 486 910 sermm
500 861 621 931 patruus
636 847 758 921 molitur,
768 848 799 909 in
814 848 889 909 illas.

222 943 351 1007 Terreor
365 944 527 1020 admonitu,
542 965 651 1027 corque
664 944 771 1005 timore
785 944 885 1006 micat.

179 1040 288 1103 Martia
302 1040 392 1103 Picus
407 1042 469 1106 avis
484 1041 602 1122 gemino
618 1062 672 1124 pro
686 1041 784 1123 stipite
801 1054 944 1124 pugnant,

187 1152 190 1157 ’
222 1138 264 1200 Et
278 1138 385 1221 Lupa:
409 1151 472 1200 tuta
487 1158 540 1220 per
553 1138 609 1199 hos
622 1151 749 1221 utraque·
761 1138 860 1219 palma
874 1137 951 1199 suit.'

179 1234 324 1296 Dixerat:
348 1248 378 1296 et
393 1234 511 1317 plenam
526 1256 584 1296 non
594 1234 690 1296 ‘firmis
706 1234 814 1295 viribus
829 1256 932 1296 umam

223 1330 357 1393 Sustulit.
402 1330 555 1414 implerat,
570 1331 642 1398 dum
657 1352 710 1393 sua
725 1332 788 1393 visa
801 1330 899 1393 refert.
915 1364 991 1381 Μ·
1191 1332 1195 1340 ’

179 1427 297 1490 Interea
310 1442 462 1490 crescente
478 1426 589 1504 Remo,
604 1441 759 1490 crescente
774 1425 915 1504 Quirino.
1007 1476 1015 1484 .

223 1519 360 1586 Pondere
374 1524 595 1587 coelesti'Silvia
609 1538 704 1587 mater
717 1538 789 1586 erat.

179 1620 254 1683 Haeo
271 1621 320 1683 ubi
334 1620 472 1703 cognovit
487 1634 675 1703 contemptor
690 1621 828 1682 Amulius
844 1620 930 1704 aqui,

225 1717 319 1803 (Nam
334 1726 430 1807 raptas
444 1718 522 1780 fratri
538 1718 631 1781 victor
645 1707 893 1802 habebatopesl
922 1715 928 1727 '
960 1750 977 1781 ο

181 1815 300 1878 Auserri'
309 1815 396 1899 jussit
411 1838 528 1899 parvos,
544 1829 574 1878 et
589 1816 618 1877 in
634 1836 722 1877 amne
736 1815 847 1877 necari.

224 1911 307 1986 Quid
323 1913 415 1987 sacis?
438 1934 478 1999 ex
492 1912 718 1975 istisRornulus
733 1912 807 1973 alter
821 1912 887 1973 erit.
931 1917 934 1925 '
1040 1965 1047 1970 .

180 2008 269 2071 Jussa
282 2024 451 2071 recusantes
466 2022 610 2091 peragunt
624 2008 790 2090 lacrymosa
803 2006 943 2070 ministri:

224 2104 314 2168 Flent
330 2116 440 2180 tamen,
457 2119 487 2165 et
501 2105 635 2189 geminos
650 2105 680 2165 in
695 2106 761 2166 loca
771 2104 853 2187 jussa
868 2104 976 2166 serunt.
1051 2148 1056 2152 -
1084 2160 1088 2163 .
1147 2097 1151 2103 ’

181 2190 303 2276 Albula,
320 2221 409 2283 quern
423 2190 545 2261 Tiberin
561 2218 675 2261 mersus
689 2200 848 2263 'Iiberinus
863 2201 893 2261 in
907 2200 989 2262 undit
1041 2221 1048 2226 ·

219 2286 388 2375 Reddidit};
411 2288 543 2385 hibernis
553 2296 626 2359 sorte
643 2299 776 2359 tumebat
790 2298 883 2380 aquis.

182 2393 253 2456 Huc
269 2394 319 2457 ubi
331 2390 491 2470 nonerunt,
506 2414 563 2455 nec
575 2393 638 2478 jam
653 2394 815 2477 procedere
830 2406 953 2477 possunt
1041 2430 1044 2434 ·

225 2490 380 2571 Longid33
404 2512 444 2553 ex
459 2491 516 2551 illis
530 2513 617 2567 unus,
634 2513 670 2552 an
686 2492 770 2568 alter,
785 2492 844 2553 ait:
964 2494 969 2501 ’

183 2586 245 2649 ‘At
260 2587 349 2669 qudrn
364 2598 432 2649 sunt
446 2587 576 2669 similes!
600 2601 629 2647 at
645 2588 734 2671 quam
749 2587 891 2650 sonnosus
905 2587 1050 2671 uterquel

218 2682 298 2744 ¹Plus
314 2698 413 2745 tamen
428 2674 466 2743 eri
483 2682 538 2745 illis
553 2683 607 2745 iste
624 2684 729 2764 vigoris
745 2685 861 2746 habete
935 2730 938 2734 »
992 2722 995 2726 -

107 2798 113 2801 ·
184 2780 215 2842 Si
231 2801 324 2861 genus
340 2780 468 2864 arguitur
483 2780 584 2855 vultu;
609 2778 653 2865 (ni
669 2779 740 2841 fallit
755 2780 876 2867 imago)

164 2953 166 2957 Ι
227 2874 338 2939 Nescio
354 2898 443 2960 quem
460 2877 541 2941 vobis
557 2878 768 2960 suspicoresse
783 2877 885 2949 deum.

184 2980 228 3042 At
243 2982 266 3041 si
282 2982 348 3063 quis
363 2994 465 3043 vestrae
482 2981 554 3041 deus
570 2993 648 3042 esset
664 2980 781 3061 originis
796 2993 917 3055 auctor3

127 3109 129 3117 v
228 3078 262 3139 ln
278 3092 338 3139 tarn
353 3078 494 3161 precipiti
510 3092 643 3159 tempore
659 3076 747 3138 ferret
761 3098 861 3159 opem.
976 3066 984 3081 ⁴

185 3174 291 3238 Ferret
304 3197 394 3257 opem
409 3174 501 3249 certe,
516 3174 613 3235 sinon
628 3195 687 3255 ope
701 3187 795 3269 rpater
810 3187 928 3255 egeret:
1013 3192 1016 3195 ·

229 3270 307 3345 Quae
322 3272 399 3334 facta
413 3285 458 3333 est
471 3292 531 3332 uno
546 3284 640 3333 mater
654 3283 685 3331 et
700 3270 773 3332 orba
787 3270 845 3332 die.

186 3366 265 3430 Nata
279 3369 375 3445 simul,
391 3369 518 3451 peritura
533 3368 629 3444 simul,
644 3367 730 3429 simul
745 3368 785 3429 ite
800 3368 854 3429 sub
868 3368 963 3429 undas

228 3464 385 3547 Corpora.'
431 3464 587 3540 Desierat;
610 3464 805 3548 deposuitque
820 3466 895 3525 sinu.

186 3554 350 3641 Vagierunt
364 3562 492 3626 clamore
507 3562 587 3644 pari:
610 3562 717 3623 sentire
732 3575 863 3645 putares.
