2634 4259
586 412 711 464 amun
726 411 747 461 1.
845 405 849 412 ’

185 562 251 627 Ver
264 577 327 627 erat
340 553 492 640 aternum,
507 562 678 646 placidique
688 560 855 645 tepentibus
863 548 946 622 'auris
1016 566 1018 571 ’

183 660 360 725 Muloebant
375 660 500 744 zephyri
513 673 597 721 natos
611 660 675 721 sine
689 657 802 721 semine
815 658 914 721 flores.

184 757 264 822 Mox
273 760 367 821 etiam
382 757 480 839 fruges
493 756 581 819 tellus
595 756 707 823 inarata
719 756 845 818 serebat:
872 760 876 763 ’
921 760 929 771 ’

113 906 118 915 .
185 852 510 936 Nec'renovatusager
523 854 649 937 gravidis
663 854 789 923 canebat
802 853 907 916 aristis.
958 845 961 852 ’
1099 851 1161 913 110

185 950 326 1015 Flumina
336 952 399 1037 jum
413 952 506 1027 lactis,
517 948 580 1036 jam
595 947 717 1025 flumina
731 951 856 1013 nectaris
870 950 967 1012 ibant:

186 1047 341 1133 Flavaque
356 1048 493 1114 deviritli
507 1049 654 1114 stillabant
668 1048 735 1129 iliae
749 1048 848 1125 mella.
909 1080 913 1087 ·
1118 1110 1123 1119 ,

230 1144 404 1231 Postquam,
416 1136 550 1211 Satnmo
559 1148 714 1209 tenebrosa
723 1144 894 1213 lnTartara
903 1144 1008 1233 misso,
1036 1182 1040 1189 ι
1079 1139 1085 1148 ’

187 1237 252 1307 Sub
265 1243 344 1307 Jove
359 1244 485 1314 mundus
500 1248 580 1321 erat3
602 1244 691 1307 subiit
705 1256 844 1325 argentea
858 1235 969 1326 proles,‘

187 1340 272 1403 Auro
286 1341 422 1417 deterior,
437 1340 518 1403 fulvo
533 1342 687 1425 pretiosior
699 1356 766 1403 ate.
1100 1338 1161 1401 115

186 1436 307 1522 Jupiter
321 1438 431 1529 antiqui
445 1430 591 1501 oontrnxit
605 1452 741 1521 tempora
753 1438 847 1500 veris:

187 1533 309 1619 Perque
322 1530 446 1613 hiemes,
461 1550 617 1620 astusque,
633 1549 664 1598 et
678 1534 835 1619 inequales
849 1546 1014 1611 autumnos,

186 1630 231 1698 Et
243 1634 334 1696 breve
349 1654 411 1711 ver,
426 1634 526 1717 spatiis
541 1632 640 1715 exegit
656 1630 780 1717 qnatu‘or
793 1641 913 1695 annum.
954 1710 966 1725 .

156 1798 160 1805 ,
186 1730 270 1793 Tum
284 1730 411 1813 primiun
426 1731 510 1794 siccis
525 1734 577 1793 alin
590 1730 754 1808 feruoribus·
765 1728 848 1793 ust'us

188 1825 336 1904 Canduit:
360 1839 390 1889 et
405 1828 499 1909 ventis
514 1828 623 1909 glacies
637 1818 775 1890 adstricta
785 1826 940 1913 pependit.
1088 1830 1162 1891 -1ao

187 1922 270 1986 Tum
283 1924 411 2007 primitm
425 1925 541 1987 subiere
556 1925 671 1987 domos.
714 1924 832 1985 Domus
846 1937 929 2002 antra
949 1922 1104 2003 fueumt‚'
1134 1976 1137 1983 .

187 2018 231 2083 Et
245 2020 327 2083 densi
341 2020 470 2099 mutium,
485 2034 515 2083 at
530 2021 635 2083 vincte
649 2021 759 2083 oortioe
773 2021 870 2102 virgae.
1129 2018 1133 2024 ’

186 2117 312 2181 Semina
322 2132 385 2182 turn
400 2118 635 2205 primiuulongis
650 2117 787 2181 Cerealia
801 2118 888 2180 sulcis

187 2215 303 2279 Obruta
318 2229 395 2293 sunt,
410 2213 561 2299 pressique
571 2215 645 2301 jugo
659 2216 800 2304 gemuere
814 2214 947 2299 juvenci.

130 2322 134 2330 “
230 2312 335 2376 Tertia
348 2327 414 2397 post
428 2314 492 2376 illas
504 2314 644 2376 successit
659 2317 753 2376 uinea
767 2314 874 2397 proles,
953 2314 958 2322 ’
1102 2316 1161 2377 125

137 2441 142 2447 ·
188 2409 299 2473 Savior
313 2412 446 2501 ingeniis,
462 2422 493 2473 et
507 2410 545 2474 ad
559 2411 677 2475 horrida
690 2411 851 2495 promptior
863 2432 962 2488 arma3

188 2500 256 2597 Neo
270 2496 413 2572 scelerata
425 2522 536 2573 tamen.
574 2506 630 2570 ‘De
645 2508 718 2569 duro
732 2521 778 2569 est
791 2495 894 2570 ultima
907 2507 993 2570 leno.
1080 2546 1084 2552 ·

95 2614 99 2623 '
180 2604 326 2695 ‘Protinus
341 2605 474 2688 irrumpit
489 2626 571 2677 uenae
586 2603 694 2689 pejoris
708 2604 738 2668 iri
754 2627 856 2686 aevnrn-
1020 2670 1024 2675 ,

187 2700 288 2764 Omne
303 2699 399 2764 nefas:
423 2698 524 2784 lugius
539 2702 643 2785 pudor,
658 2723 831 2788 verumque,
843 2693 976 2786 fidesque
985 2724 1007 2765 ι»

187 2798 363 2885 Inquorum
378 2798 493 2877 subiere
508 2800 606 2862 locum
620 2794 805 2884 fraudesque,
820 2801 949 2884 dolique,
1052 2828 1061 2841 ·
1101 2802 1162 2865 130

187 2894 373 2979 Insidiaeque,
388 2910 418 2959 et
434 2896 487 2973 νίε,
499 2911 534 2959 at
549 2918 629 2959 amor
640 2898 802 2959 ‘sceleratus
817 2897 955 2960 habendi.
977 2896 984 2907 '
1182 2906 1186 2912 ’

189 2991 267 3056 Vela
284 2993 371 3056 dabat
385 2995 489 3070 ventio,
504 3016 561 3057 neo
572 2994 669 3056 adhuc
683 2996 761 3057 bene
775 3006 898 3056 noverat
912 2994 977 3055 illos

100 3156 103 3163 ,
188 3089 315 3178 Navita:
339 3113 460 3175 quaeque
476 3092 526 3153 diu
541 3092 726 3153 steterentin
741 3091 887 3169 montibus
902 3091 977 3167 altis,

187 3186 343 3251 Fluctibus
357 3188 462 3270 ignotis
478 3188 654 3251 insultavere
669 3180 799 3251 carinae.⁴

187 3284 447 3369 Communemque
461 3286 552 3368 prius,
567 3306 623 3355 ceu
638 3275 834 3348 lumina'solis
848 3298 878 3346 et
893 3307 992 3362 auras,·
1101 3288 1161 3350 135

186 3380 305 3445 Cautus
318 3383 442 3457 humum
455 3383 545 3465 longo
560 3380 684 3473 signavit
698 3383 790 3445 limite
804 3404 933 3445 mensor.

186 3479 256 3544 Neo
270 3480 383 3541 tantum
398 3494 514 3563 segetes
530 3480 728 3563 aliinentaque
744 3480 844 3541 debita
858 3479 941 3569 ilives
977 3545 979 3548 ,
1073 3494 1075 3499 ·

185 3576 372 3642 Posoebatur
385 3578 511 3654 humus'3
533 3578 586 3641 sed
600 3577 674 3641 itum
689 3591 734 3641 est
748 3578 778 3641 in
793 3577 906 3652 viscera
919 3590 1018 3640 terrae:

443 3680 460 3739 .l
475 3677 495 3717 ⁴*
