2634 4259
125 404 127 408 ·
195 398 238 461 74
514 371 882 461 ΜΕΤΑΜοΒΡΗοεΕοΝ

194 554 259 632 Ille,
273 570 306 617 ut
320 568 381 617 erat
395 579 514 639 pronos,
529 580 583 641 per
596 559 672 621 colla
687 559 811 621 admissa
820 558 977 642 jubasque·
1001 602 1004 607 -

195 650 348 728 Volvitur3
370 668 399 715 et
414 654 508 716 calido
523 655 656 716 tellurem
672 656 810 736 sanguine
824 655 927 718 soedat.
948 654 952 660 ’

193 748 362 812 Phaedimus
377 749 488 826 infelix,
503 764 533 811 et
548 752 616 813 aviti
632 752 756 812 nominis
772 752 863 813 haeres

193 844 346 922 Tantalus,
361 860 392 907 ut
408 848 492 909 solito
506 848 600 908 finem'
609 848 775 929 imposuere
790 847 892 923 labori,

193 942 381 1004 'Ilansierant
396 944 433 1005 ad
448 966 522 1027 opus
537 944 632 1005 nitidae
643 933 775 1027 juvenile
791 944 947 1026 palaestrae:

193 1038 235 1101 Et
244 1038 306 1123 jam
321 1040 503 1113 contulerant
518 1054 597 1102 arcto
612 1040 753 1101 luctantia
765 1061 846 1102 nexu

192 1135 319 1197 Pectora
333 1138 516 1219 pectoribns;
538 1136 607 1198 crim
621 1151 709 1202 tento
717 1136 832 1203 concita
846 1158 947 1212 cornu,

193 1232 276 1295 Sicut
291 1247 372 1295 erant
382 1233 488 1318 juncti,
503 1232 615 1315 trajecit
629 1247 785 1315 utrumque
800 1232 915 1313 sagitta.

192 1329 367 1412 Ingemuere
382 1330 485 1405 simul;
507 1330 758 1403 simulincurvata
773 1329 873 1391 dolore

192 1425 328 1489 Membra
342 1426 404 1489 solo
419 1428 562 1509 posuere3
584 1427 670 1488 simul
685 1447 822 1509 suprema
832 1426 967 1510 jacentes

191 1522 320 1585 Lumina
333 1523 502 1599 vershrunt;
524 1524 649 1586 animam
664 1523 750 1585 simul
766 1523 951 1584 exhalarunt.
1097 1526 1159 1587 100

191 1620 329 1702 Adspicit
344 1620 509 1703 Alphenor,
523 1619 689 1703 laniataque
704 1633 824 1702 pectora
837 1620 979 1702 plangens

119 1762 121 1767 ,
181 1712 333 1793 Advolat,
349 1732 381 1778 ut
395 1716 506 1799 gelidos
520 1716 724 1799 complexibus
739 1716 847 1779 allevet
861 1729 957 1777 artus:

192 1812 285 1898 Inque
295 1813 349 1897 pio
363 1814 441 1877 cadit
455 1810 568 1876 officio:
593 1834 662 1877 nam
677 1811 783 1874 Dehus
797 1812 838 1875 illi

191 1908 298 1972 Intima
311 1908 423 1973 letifero
437 1910 545 1993 rumpit
559 1910 718 1993 precordia
731 1909 818 1972 serto.

192 2005 285 2080 Quod
300 2006 386 2069 simul
401 2007 550 2083 eductum,
566 2028 632 2090 pars
647 2012 692 2068 est
707 2006 853 2090 pulmonis
868 2006 897 2068 in
915 2005 1009 2067 hamis
1095 2008 1157 2069 105

191 2101 301 2167 Eruta:
323 2124 450 2185 cumque
466 2103 563 2164 animai
577 2124 663 2164 cruor
676 2117 721 2163 est
735 2102 845 2165 effirsus
859 2102 889 2163 in
900 2123 994 2163 auras.
1195 2099 1200 2107 ’

191 2201 235 2261 At
249 2222 307 2261 non
323 2200 467 2260 intonsum
482 2199 608 2280 simplex
622 2197 875 2260 Damasichthona
889 2198 995 2260 vulnus

190 2296 306 2358 Affieir.
351 2294 429 2356 Ictus
444 2308 516 2370 erat,
531 2294 591 2377 que
604 2315 671 2355 crus
685 2316 750 2356 esse
765 2293 876 2377 incipit,
891 2308 921 2355 et
936 2294 996 2377 quis

191 2392 295 2454 Mollia
309 2414 448 2454 nervosus
463 2391 531 2454 sacit
546 2391 708 2456 internodia
721 2392 835 2475 poples.

191 2488 332 2573 Dumque
347 2494 435 2551 manu
450 2502 543 2551 tentat
557 2489 673 2550 trahere
687 2488 835 2550 exitiabile
850 2488 952 2564 telum,
1098 2491 1157 2552 110

191 2587 295 2649 Altera
310 2608 363 2669 per
373 2585 508 2671 jugulum
524 2586 628 2668 pennis
643 2598 728 2646 tenus
743 2598 808 2646 acta
821 2585 925 2666 sagitta
939 2598 995 2647 est.

191 2683 316 2767 Expulit
330 2683 406 2745 hanc
420 2683 553 2763 sanguis:
577 2704 669 2765 seque
683 2681 844 2765 ejaculatus
858 2682 888 2743 in
903 2682 994 2744 altum

191 2778 319 2855 Emicat,
334 2793 364 2841 et
377 2780 464 2861 longe
480 2780 627 2841 terebrata
641 2779 752 2862 prosilit
767 2779 847 2841 auri.

191 2875 321 2937 Ultimus
335 2874 463 2938 llioneus
479 2898 536 2937 non
553 2875 717 2959 profectura
731 2875 880 2959 precando

190 2972 319 3035 Brachia
332 2972 503 3035 sustulerat:
527 2972 646 3056 ‘Dique
662 2995 681 3035 u
695 2972 889 3035 communiter
902 2971 1026 3047 omnes,’
1097 2973 1157 3035 115

192 3069 329 3147 Dixerat,
347 3068 476 3155 (ignarus
492 3092 550 3132 non
565 3093 668 3133 omnes
683 3064 747 3133 esse
762 3067 920 3154 rogandos)

192 3166 349 3230 ‘Parcite’
393 3166 496 3228 Motus
511 3180 582 3242 erat,
597 3168 666 3229 clun
677 3166 739 3250 jam
753 3167 919 3230 revocabile
939 3165 1031 3229 telum

192 3262 262 3327 Non
276 3263 339 3340 fuit,
354 3263 546 3325 Arcitenens:
569 3263 690 3325 minimo
704 3276 802 3324 tamen
815 3264 923 3327 occidit
937 3263 985 3324 ille

193 3359 343 3436 Vulnere;
365 3382 423 3421 non
439 3359 498 3421 alta
512 3378 650 3441 percusso
665 3358 753 3420 corde
768 3360 883 3440 sagitta.

234 3456 329 3520 Fama
344 3457 422 3533 mali,
438 3455 598 3539 populique
613 3454 706 3531 dolor,
721 3455 915 3539 lacrymaeqne
929 3475 1048 3517 suorum
1098 3456 1160 3517 120

192 3553 271 3617 Tarn
285 3554 385 3616 subitae
400 3567 523 3615 matrem
537 3550 760 3639 certernlecere
773 3552 872 3629 ruine,
918 3559 923 3569 ’
973 3540 976 3546 ’
