2634 4259
519 432 626 484 urana
648 433 723 485 xur.
1054 428 1117 490 rte

142 577 228 645 Mille
243 594 328 664 patet
342 582 445 665 plagis,
460 604 553 648 novus
568 596 613 645 est
627 604 783 645 successor.
793 583 964 646 habendus..

185 676 339 760 Denique,
355 678 423 760 quid
439 678 534 741 verbis
549 700 624 762 opus
640 681 706 740 est?
728 692 897 761 spectemur
909 679 1048 761 agendo:

144 771 237 835 Arma
252 774 305 835 viri
321 773 401 835 sortis
416 775 528 836 medios
543 776 696 837 mittantur
709 775 739 837 in
754 775 872 851 hostes;
1053 779 1111 839 121

145 866 218 929 Inde
229 868 333 953 jubete
347 870 429 953 peti:
452 884 482 932 et
496 869 675 934 referentem
687 885 790 933 ornate
805 872 923 934 relatis?

188 963 320 1028 Finierat
333 965 499 1029 Telamone
510 964 592 1030 'satus
604 992 613 1045 3
636 970 775 1053 vulgique
789 982 924 1031 secutum

145 1058 259 1123 Ultima
273 1084 403 1125 murmur
417 1077 495 1125 erat:
519 1064 614 1127 donec
629 1064 765 1127 Laertius
780 1066 866 1127 heros

146 1157 286 1221 Adstitit:
308 1171 396 1242 atque
411 1160 512 1221 oculos
527 1159 654 1244 paulum*
663 1155 767 1223 tellure
781 1175 908 1224 moratos
928 1218 930 1222 .
1054 1163 1114 1224 125

146 1252 270 1317 Sustulit
284 1256 322 1318 ad
336 1275 474 1339 proceres
486 1278 494 1333 ;
516 1272 748 1341 exspectatoque
762 1259 882 1321 resolvit

145 1349 210 1413 Ora
223 1373 314 1414 sono:
337 1374 434 1436 neque
449 1356 531 1417 abest
545 1352 677 1417 facundis
691 1355 782 1436 gratia
796 1355 889 1416 dictis.
912 1339 922 1353 ’

190 1447 243 1509 ‘Si
257 1470 326 1511 mea
338 1471 407 1512 cum
422 1451 524 1529 vestris
539 1451 699 1513 valuissent
713 1463 792 1527 vota,
807 1450 936 1531 Pelasgi,

147 1528 215 1593 Non
231 1532 305 1595 soret
319 1534 472 1616 ambiguus
487 1536 561 1607 tanti
572 1534 739 1597 certaminis
754 1535 865 1596 haeres:
886 1551 889 1560 “

146 1626 256 1710 Tuque
272 1629 328 1692 tuis
343 1630 439 1706 annis,
455 1652 507 1693 nos
522 1644 551 1692 te
569 1644 749 1714 poteremur,
762 1630 891 1694 Achille.
1053 1632 1115 1693 130

147 1722 250 1795 Quem
265 1726 402 1808 quoniam
417 1747 475 1787 non
490 1748 572 1810 aequa
586 1727 658 1789 mihi
673 1727 820 1811 vobisque.
829 1718 974 1809 negirruut
1019 1726 1030 1766 '-

113 1836 118 1843 ·
147 1818 223 1882 Fata
235 1822 254 1897 ;'
279 1821 443 1907 (manuque
458 1823 543 1885 simul
558 1825 649 1885 veluti
663 1824 854 1906 lacrymantia
867 1824 950 1885 tersit

147 1916 290 2003 Lumina)
308 1918 394 2002 ‘quis
408 1939 516 2000 magno
528 1919 633 1981 melitis
648 1919 792 2005 succedat·
802 1919 924 1994 Achilli,

148 2011 251 2085 Quam
265 2035 319 2098 per
334 2034 423 2099 quem
437 2036 560 2097 magnus
574 2014 689 2077 Danais
704 2009 1010 2078 suecessit'AchiUest

65 2104 68 2109 ’
190 2110 270 2174 Huic
284 2111 375 2173 modd
389 2134 430 2174 ne
447 2112 548 2195 prosit,
564 2111 654 2195 quhd,
670 2125 702 2174 ut
717 2126 773 2192 est,
788 2112 879 2177 hebes
902 2132 968 2174 esse
983 2106 1116 2174 videtur:

148 2207 236 2270 Neve
250 2208 322 2270 mihi
336 2222 451 2286 noceat,
468 2208 546 2291 quhd
562 2209 644 2273 robis
659 2230 788 2293 semper,
803 2209 925 2286 Achivi,
1056 2208 1116 2271 136

148 2300 263 2367 Profuit
273 2304 439 2386 ingenium:
462 2327 588 2389 meaque
604 2306 667 2369 haec
681 2305 827 2383 facundia,
841 2306 865 2368 si
880 2327 939 2388 qua
952 2320 1009 2382 est,
1116 2334 1125 2341 1

147 2399 226 2475 Quae
241 2422 319 2462 nunc
329 2423 383 2484 pro
397 2402 528 2478 domino,
543 2423 597 2484 pro
610 2402 693 2464 vobis
708 2422 786 2485 sepe
799 2402 898 2464 locuta
912 2415 967 2477 est,

148 2495 263 2558 invidia
275 2510 393 2559 cureat:
416 2498 495 2559 hona
508 2518 564 2559 neo
578 2518 632 2559 sua
646 2498 769 2581 quisque
783 2511 910 2559 recuset.

149 2592 227 2656 Nam
243 2616 346 2677 genus,
363 2608 393 2656 et
403 2616 538 2677 proavos,
553 2608 583 2657 et
598 2616 660 2679 quae
676 2616 735 2656 non
750 2594 872 2657 fecimus
887 2594 954 2678 ipsi,
1057 2596 1118 2657 140

149 2690 211 2753 Vix
227 2712 263 2753 ea
277 2705 374 2753 nostra
390 2713 475 2753 voco.
521 2692 581 2754 Sed
596 2692 687 2769 enim,
702 2693 771 2776 quia
783 2692 883 2754 retulit
898 2692 979 2777 Ajax

149 2786 225 2851 Esse
240 2788 324 2851 Jovis
338 2810 496 2872 pronepos,
507 2788 597 2851 nostri
612 2810 730 2872 quoque
745 2789 894 2869 sanguinis
908 2801 1009 2851 auctor

148 2885 266 2970 Jupiter
279 2898 344 2948 est:
366 2886 548 2969 totidemque
563 2886 675 2967 gradus
685 2887 826 2947 distamus
837 2885 874 2945 ab
888 2883 948 2946 illo.

149 2982 227 3047 Nam
243 2983 314 3045 mihi
330 2982 455 3045 Laiirtes
469 2996 553 3065 pater
567 2995 621 3057 est,
636 2980 778 3042 Arcesius
792 2980 844 3055 illi,

149 3079 267 3163 Jupiter
280 3079 369 3142 huic:
392 3098 489 3162 neque
505 3077 534 3139 iu
548 3078 593 3140 his
609 3077 762 3159 quisquam
777 3075 931 3139 damnatus
946 3089 976 3138 et
990 3076 1087 3138 exsul.
1131 3108 1134 3115 ·

150 3177 206 3240 Est
222 3198 338 3261 quoque
353 3197 407 3259 per
421 3189 544 3242 matrem
560 3174 717 3258 Cyllenius
732 3173 830 3235 addita
844 3173 928 3235 nobis
1058 3174 1119 3237 146

151 3277 254 3338 Altera
268 3274 422 3335 nobilitas:
450 3272 523 3334 deus
539 3286 583 3335 est
598 3272 626 3335 in
641 3284 767 3354 utroque
782 3284 915 3354 parente.
1030 3280 1033 3283 ’

151 3372 210 3433 Sed
226 3391 323 3452 neque
337 3384 470 3433 materno
485 3370 565 3453 qued
580 3391 645 3430 sum
660 3369 829 3451 generosior
842 3381 918 3442 ortu,

151 3468 217 3531 Nec
232 3467 302 3529 mihi
319 3468 397 3550 quhd
412 3480 496 3551 pater
510 3481 554 3529 est
569 3466 685 3529 fraterni
701 3465 849 3546 sanguinis
863 3464 972 3541 insons,
1071 3539 1075 3546 ,

151 3564 308 3648 Proposita
322 3586 401 3626 anna
416 3578 502 3647 peto:
526 3564 635 3625 meritis
651 3563 813 3645 expendite
827 3582 958 3624 causam.
1061 3563 1122 3625 150
