2634 4259
156 360 198 423 28
468 362 813 415 uusnuonrnosnou
924 414 928 416 r

155 516 238 591 Quid
254 517 360 580 faciat?
381 516 507 593 multum
521 514 590 577 ooeli
604 528 672 597 poet
686 527 769 595 terga
782 512 935 583 relictum:

153 614 236 676 Ante
251 614 350 675 oeulos
366 613 432 695 plus
447 625 501 673 est.
546 611 658 672 Animo
672 610 793 671 metitur
806 622 974 691 utrumque.

154 709 196 772 Et
210 710 310 785 modii,
326 730 399 792 quos
414 708 460 772 illi
469 707 529 770 sato
542 707 712 789 contingere
728 718 857 789 nonest,

154 797 301 889 Prospicit
315 826 455 869 occasus:
478 804 624 867 interdum
638 803 859 886 respicit'ortus.

154 901 297 985 Quidque
311 916 377 984 agat
392 902 517 983 ignarus,
532 913 647 983 stupet:
671 912 702 961 et
716 920 773 960 nec
787 898 875 960 frena
888 897 1019 973 remittit,
1064 898 1128 960 190

154 997 220 1060 Nee
235 999 361 1077 retinere
376 998 471 1061 valet:
494 1019 551 1059 nec
566 996 686 1063 nomina
699 995 782 1058 novit
796 1014 949 1078 equorum.

153 1094 261 1177 Sparsa
277 1112 393 1179 quoque
408 1094 438 1156 in
454 1094 535 1156 vario
543 1092 657 1177 passim
670 1092 810 1155 miramda
823 1092 911 1167 ooelo‚

154 1189 372 1273 Vastarumque
388 1190 469 1252 videt
483 1190 613 1274 trepidus
627 1189 782 1254 simulacra
796 1181 933 1250 ferarum.
947 1246 950 1250 ,

195 1286 251 1348 Est
264 1288 355 1363 locus,
370 1286 399 1347 in
414 1286 546 1368 geminos
560 1286 610 1347 ubi
624 1284 745 1347 brachia
758 1299 901 1348 concavat
913 1306 997 1348 arnus

154 1384 292 1469 Scorpios
302 1388 318 1461 ;'
333 1398 363 1446 et
378 1383 474 1447 caudis
488 1376 633 1467 flexisque
648 1382 784 1465 utrinque
798 1382 914 1445 lacertis
1064 1384 1127 1446 195

152 1479 277 1561 Porrigit
293 1482 321 1543 in
336 1480 462 1564 spatium
478 1481 625 1563 signorum
639 1480 772 1544 membra
786 1479 920 1543 duorum.

152 1574 244 1639 Hunc
258 1598 332 1661 puer
345 1589 378 1638 ut
391 1577 466 1659 nigri
480 1576 630 1639 madidum
645 1576 751 1638 sudore
763 1574 869 1638 veneni

153 1671 287 1735 Vulnera
299 1671 422 1735 curvatis
435 1672 617 1736 minitantem
632 1671 754 1755 cuspide
770 1671 859 1748 vidit3

152 1766 264 1831 Mentis
279 1769 374 1851 inops,
388 1767 487 1850 gelida
500 1768 654 1831 formidine
669 1768 730 1829 lora
743 1768 863 1830 remisit.

153 1863 230 1939 Quae
246 1879 402 1949 postquam
416 1886 562 1927 summum
578 1864 701 1950 tetigere
712 1862 843 1949 jacentia
856 1878 982 1947 tergum,
1042 1907 1045 1910 x
1062 1867 1126 1929 200

152 1960 365 2045 Exspatiantur
380 1962 465 2046 equi:
488 1962 628 2045 nulloque
643 1961 794 2024 inhibente
809 1982 864 2045 per
877 1982 961 2023 auras
1064 1956 1067 1959 ⁴

152 2056 262 2139 Ignotae
276 2060 401 2139 regionis
416 2071 506 2134 eunt;
528 2057 645 2140 quique
660 2058 788 2140 impetus
799 2057 869 2137 egit,

153 2152 221 2215 Heio
235 2154 297 2216 sine
311 2154 377 2235 lege
392 2166 500 2215 ruunt:
523 2154 640 2235 altoque
655 2153 710 2214 sub
725 2154 832 2213 aethere
846 2153 914 2224 fixis

151 2248 304 2311 lnoursant
319 2249 419 2325 stellis,
434 2248 608 2331 rapiuntque
623 2269 678 2331 per
691 2248 757 2310 avia
769 2269 896 2311 currum.

153 2343 195 2409 Et
208 2346 298 2409 modb
313 2367 428 2407 summa
441 2357 557 2428 petunt,
571 2344 662 2406 modb
678 2366 731 2428 per
745 2345 872 2423 decliva,
888 2346 1010 2429 viasque
1062 2348 1127 2409 205

68 2438 70 2445 ’
152 2440 324 2526 Praecipites
338 2442 433 2526 spatio
446 2456 529 2504 terrae
542 2441 681 2525 ‚propiore
696 2440 838 2505 seruntur.

152 2537 336 2623 Inferidsque
350 2540 409 2601 suis
423 2538 564 2601 fraternos
578 2560 696 2601 currere
710 2539 798 2601 Luna
850 2617 857 2622 .

152 2634 323 2697 Admiratus
337 2656 444 2719 equos:
468 2630 659 2718 ambustaque
674 2634 775 2697 nubila
788 2634 911 2697 fumant.

153 2730 318 2815 Corripitur
332 2732 466 2807 flammis,
481 2745 514 2794 ut
529 2753 652 2815 quaeque
668 2732 816 2809 altissima,
830 2733 935 2811 tellus;
1101 2795 1107 2806 ,

153 2826 296 2911 Fissaque
313 2829 371 2910 agit
385 2829 482 2905 rimas,
497 2828 635 2906 etsuocis
650 2823 713 2909 aret
728 2819 884 2912 ademptis.
1063 2835 1128 2897 210
1191 2866 1196 2877 ·

153 2923 268 2986 Pabula
281 2938 458 2987 canescunt:
480 2930 549 2986 oum
564 2924 713 2987 frondibus
727 2925 818 2987 uritur
832 2926 933 3004 arbos:

153 3018 369 3105 Materiemque
384 3042 438 3083 suo
452 3022 562 3104 praebet
576 3042 662 3102 seges
676 3022 756 3084 arida
769 3022 887 3084 damno.

154 3117 251 3179 Parva
267 3140 381 3201 queror.
426 3115 543 3199 Magnae
558 3131 683 3200 pereunt
697 3139 767 3179 cum
781 3119 927 3179 moenibns
942 3120 1045 3181 urbes:

154 3212 294 3296 Cumque
309 3215 368 3277 suis
382 3227 458 3275 totas
473 3212 589 3295 populis
604 3211 740 3274 incendia
754 3224 857 3293 gentes

154 3308 333 3388 lnqcinerem
348 3321 476 3373 vertunt.
520 3307 606 3370 Silvae
621 3329 691 3369 oum
703 3298 851 3369 montibus
866 3307 980 3369 ardent.
1063 3314 1127 3377 215

156 3405 250 3479 Ardet
265 3407 372 3484 Athos,
387 3406 563 3489 Taurusque
579 3402 672 3479 Cilix,
686 3418 717 3466 et
731 3403 866 3492 Tmolus²
881 3399 1020 3484 et'OEte3

156 3501 197 3564 Et
211 3524 290 3565 nunc
305 3504 393 3581 sicca,
408 3502 488 3587 pribs
503 3500 694 3565 celeberrima
709 3499 846 3578 sontibus,
860 3500 933 3579 lde;
