2634 4259
556 416 558 421 ’
610 419 718 472 arsur
736 418 757 471 r.
848 463 850 468 .
1124 388 1184 477 1'1¹

191 566 346 655 indejecta
359 568 456 648 mal03
476 570 596 633 culmen
611 584 718 633 tamen-
726 569 811 635 altior
823 569 910 654 hujus

191 666 285 743 Unda
298 668 381 753 tegit,
395 678 562 752 presseque
577 668 677 731 labant
690 668 745 729 sub
759 668 872 750 gurgite
887 682 990 729 turres.
1101 669 1166 730 290

173 758 176 764 ’
235 763 364 848 Jamque
379 786 459 827 mare
475 779 506 846 et
519 765 607 830 tellus
620 760 734 830 nullum
747 764 902 839 discrimen
916 764 1074 826 habebant.

192 860 305 924 Omnia
319 864 426 943 pontus
441 859 533 925 erant.
578 861 712 937 Deerant
722 846 843 945 'quoque
857 860 953 922 littora
966 874 1068 943 ponto.

193 957 339 1041 Occupat
347 958 396 1021 hio
409 952 533 1021 collem:
555 958 665 1041 cymba
678 958 761 1020 sedet
773 958 849 1020 alter
861 958 986 1035 adunci,
1021 982 1025 988 ·

194 1054 237 1116 Et
252 1055 332 1139 du’cit
346 1076 441 1117 remos
456 1054 526 1132 illio,
540 1056 591 1128 ubi
605 1056 817 1138 nuperarhrat.
869 1054 874 1063 “
1139 1118 1144 1125 ,

194 1150 249 1213 llle
264 1172 352 1244 supra
366 1157 492 1237 segetes,
507 1165 557 1214 aut
571 1170 674 1215 mersae
686 1152 815 1213 culmina
827 1150 902 1213 ville
1006 1203 1009 1210 .
1085 1152 1165 1215 -295

195 1246 347 1329 Navigat.
364 1248 412 1309 hic
427 1247 543 1309 summai
555 1249 668 1332 piscem
683 1247 859 1330 deprendit
851 1266 889 1309 tn
885 1247 986 1309 ulmo.
1051 1256 1054 1259 ⁴

194 1341 331 1426 Figitur·
323 1364 353 1406 m
367 1340 450 1405 uiridi
467 1344 505 1430 (si
520 1342 577 1405 fors
591 1343 672 1429 tulit)
683 1346 816 1434 ‘anchora
830 1357 932 1427 prator

194 1444 259 1502 Aut
273 1440 416 1525 subjecta
417 1454 515 1503 terunt
529 1446 624 1503 curvae
639 1442 738 1503 vineta
753 1441 867 1503 canna.
910 1444 914 1451 '
999 1489 1001 1492 v

196 1537 248 1615 Et,
263 1538 352 1599 modd
367 1559 426 1621 qua
410 1536 563 1620 graciles
576 1546 696 1633 gamen
710 1534 846 1633 carpsere
859 1533 990 1631 capelle,
1098 1540 1102 1547 '

195 1631 285 1697 Nunc
300 1634 339 1696 ibi
354 1634 499 1697 deformes
514 1648 626 1723 ponunt
641 1656 694 1697 sua
707 1654 830 1717 corpora
843 1621 958 1717 phoca.
1004 1670 1008 1675 ·

195 1728 340 1793 Mirantur
353 1732 407 1793 sub
422 1752 500 1815 aqua
512 1733 604 1808 lucos,
619 1732 776 1815 urbesque,
790 1732 952 1814 domosque
1095 1807 1100 1815 ι

195 1827 360 1891 Nereides:
384 1829 529 1912 silvasque
543 1838 645 1891 tenent
659 1829 824 1912 delphines,
839 1843 870 1890 et
883 1828 948 1890 altis
982 1878 992 1902 ,-

196 1924 348 1989 lnoursant
362 1927 459 2002 ramis,
474 1925 643 2008 agitataque
655 1926 760 1986 robora
773 1925 899 2006 pulsant.

180 2021 256 2085 ‚Nat
269 2024 356 2107 lupus
371 2022 447 2084 inter
460 2042 548 2085 oves:
565 2021 666 2102 'fulvos
681 2020 763 2083 vehit
776 2013 856 2081 unda
868 2020 986 2082 leones:

108 2173 113 2183 .
194 2118 284 2182 Unda
297 2119 379 2181 vehit
393 2119 499 2201 tigres:
521 2138 580 2180 nec
592 2118 669 2179 vires
683 2116 810 2180 fulminis
830 2136 911 2200 apro,

92 2266 96 2275 .
194 2214 290 2279 Crura
304 2237 360 2279 nec
375 2216 471 2279 ablato
485 2229 606 2299 prosunt
619 2216 735 2279 velocia
748 2227 848 2288 cerro.

195 2311 393 2404 Quaesitisque
403 2313 458 2375 diu
473 2313 565 2389 terris,
565 2312 630 2375 ubi
644 2308 740 2374 sidere
755 2312 866 2389 detur,
974 2388 976 2391 Α

193 2408 229 2472 Iu
243 2430 323 2495 nqare
334 2408 454 2479 lassatis
465 2409 590 2474 volucris
604 2430 680 2490 vaga
693 2409 802 2471 decidit
816 2409 879 2471 alis.
999 2431 1005 2441 ’

193 2506 341 2569 Obruerat
354 2492 503 2575 tumulos
495 2527 637 2567 immensa
650 2499 768 2567 licentia
782 2505 874 2588 ponti,

194 2601 414 2687 Pulsabantque
429 2602 504 2665 nori
513 2596 651 2665 nrontana
664 2603 818 2664 cacumina
832 2602 948 2666 fluctus

133 2770 134 2773 Ἴ
193 2698 330 2762 Maxima
344 2722 410 2783 pars
424 2699 508 2761 un‘dh¹
518 2700 643 2783 rapitur:
667 2700 772 2783 quibus
785 2700 865 2763 unda
877 2698 1023 2783 pepercit,

194 2795 265 2877 lllos,
277 2796 365 2877 longa
378 2796 497 2859 domant
511 2797 590 2879 inopi
605 2796 719 2881 jejunia
733 2796 824 2883 rictu.

234 2892 362 2975 Separat
375 2893 489 2957 Alisios
503 2893 612 2957 Actaeis
628 2893 738 2956 Phocis
752 2895 790 2956 ah
804 2893 889 2970 arvis,
914 2902 917 2909 '

192 2988 289 3051 Terra
303 2988 395 3066 ferax,
409 2988 480 3061 dum
494 3003 570 3052 terra
585 2978 656 3066 hit,
678 2990 732 3052 sed
745 3003 879 3072 ternpore
893 2990 922 3051 in
937 2990 993 3052 illo.

194 3085 269 3163 Pars
282 3087 378 3164 maris,
393 3080 423 3149 et
437 3088 512 3149 latus
524 3087 685 3149 subitarum
699 3083 823 3169 campus
834 3107 986 3169 aquarum.

194 3176 284 3244 Moris
298 3178 594 3267 ibiuertieibusrpetit
609 3185 715 3246 arduus
731 3198 807 3263 astra
822 3183 944 3260 duobus,

194 3278 323 3341 Nomine
339 3279 518 3361 Parnassus,
525 3294 702 3366 superatque
716 3274 870 3355 cacumine
884 3280 987 3342 nubes'.
1044 3268 1048 3274 ’

195 3374 256 3437 Hc
272 3377 319 3437 ubi
337 3376 501 3441 Deucalion
520 3376 602 3463 (nam
617 3393 722 3441 caetera
736 3392 853 3441 texerat
866 3378 978 3462 aequor)
1004 3403 1014 3427 ι

193 3472 275 3534 Cum
289 3488 422 3537 consorte
437 3475 491 3537 tori
507 3476 598 3557 parvi
611 3491 674 3538 rate
691 3490 791 3556 vectus
806 3476 945 3550 adhesit3

194 3568 359 3652 Corycidas
373 3572 530 3655 nymphas,
546 3587 575 3635 et
589 3573 828 3645 numina·montis
844 3571 977 3636 adorant.
