2634 4259
146 380 208 443 124
457 384 804 435 unnnmoafflosson

143 534 206 599 Sed
220 547 318 597 tamen
333 545 457 595 eventus
472 547 584 610 vestre,
599 530 764 609 fortissime,
778 554 885 615 pugne
975 522 982 531 ’

144 628 222 705 Quis
237 629 310 693 luit?
332 628 446 693 Hector
460 630 520 693 abit
533 630 657 693 violatus
672 629 794 691 vulnere
809 614 903 691 nidlo.

132 788 133 791 ,
186 726 241 789 Me
255 727 405 804 misorum,
420 740 530 811 quanto
542 747 633 809 cogor
645 725 813 788 meminisse
828 723 929 787 doloro
1010 714 1015 721 ’
1054 726 1121 788 28)

60 858 65 867 ·
144 820 303 906 Temporis
316 822 414 899 illius;
437 844 507 907 quo,
522 821 646 907 Grajtim
659 842 772 899 murus,
786 821 921 884 Achilles
1043 842 1051 849 ·

144 916 323 981 Procubuit!
345 916 376 981 N
377 938 413 981 ec
426 938 476 980 me
490 918 638 1001 lacryma,
652 918 937 994 incensationem

144 1012 323 1091 Tardimnt,
338 1014 409 1097 quin
423 1034 530 1096 corpus
544 1014 636 1076 humo
650 1014 775 1075 sublime
787 1012 939 1094 referram.

146 1106 203 1173 His
218 1109 357 1187 humeris,
371 1110 427 1187 his,
443 1109 573 1192 inquam,
587 1108 719 1172 humeris
732 1128 790 1192 ego
802 1111 911 1192 corpus
925 1106 1063 1185 Achillis,

146 1204 188 1267 Et
202 1205 383 1291 simul‘nrma
398 1204 468 1267 tuli:
492 1226 556 1288 que
570 1226 649 1269 nuno
665 1224 784 1290 quoque
797 1205 872 1268 ferre
887 1204 999 1267 laboro.
1057 1204 1123 1267 285

147 1301 224 1364 Sunt
238 1301 321 1377 mihi,
336 1322 402 1385 quo
417 1301 533 1363 valeant
548 1300 578 1363 in
592 1301 663 1363 talia
676 1300 819 1384 pondera,
833 1300 927 1364 vires:
1061 1310 1073 1320 ”

148 1390 892 1458 Εεῐαιιὶωυενοεποεοεηὸεεωιιωεὴοηοιω.’
957 1474 961 1481 .

148 1491 270 1555 Scilicet
284 1489 392 1553 idcirco
406 1512 460 1573 pro
473 1505 563 1573 gnato
576 1491 683 1554 cremia
695 1504 791 1553 mator
851 1543 862 1559 .

94 1666 98 1673 ι
148 1588 314 1651 Ambitiosa
326 1608 381 1649 suo
394 1586 458 1664 fuit,
472 1600 506 1649 ut
519 1587 652 1649 coelestia
666 1584 754 1663 donn,

150 1682 232 1746 Artis
246 1703 321 1766 opus
334 1695 432 1759 mute,
447 1681 527 1743 mdis
541 1696 572 1745 et
586 1682 648 1744 sine
663 1693 785 1764 pectore
805 1680 892 1743 miles
1061 1680 1127 1743 290

150 1779 310 1843 indueret?
331 1796 428 1861 neque
441 1778 521 1841 enim
534 1777 635 1861 clypei
648 1777 801 1840 calamina
815 1776 903 1854 norit,

150 1876 319 1951 Oceannun,
334 1886 365 1936 et
378 1886 480 1951 terras,
494 1894 623 1957 cumque
637 1874 698 1936 alto
711 1871 808 1937 sidera
820 1872 910 1951 ooelo,

151 1967 361 2053 Pleiadasque,
376 1966 570 2052 Hyadesque,
584 1967 806 2052 immunemque
820 1967 943 2051 equoris
957 1966 1084 2043 Arcton,

152 2064 352 2147 Diversaeque
366 2064 464 2141 urbes,
478 2063 664 2147 nitidumque
677 2063 797 2126 Orionis
810 2084 926 2126 ensem.

152 2159 288 2222 Postulat
302 2172 335 2221 ut
348 2159 456 2240 capiat,
472 2179 535 2241 que
549 2178 609 2220 non
623 2160 767 2241 intelligit,
782 2178 874 2221 mma.
923 2226 928 2233 ,
1064 2158 1132 2222 295

196 2253 302 2326 Quid?
324 2252 404 2338 quod
416 2273 483 2342 me,·
493 2252 557 2315 duri
571 2251 734 2335 fugientem
746 2276 871 2319 munera
882 2254 965 2332 belli,

155 2349 262 2431 Arguit
275 2350 395 2432 incepto
408 2368 507 2411 serum
521 2349 681 2413 accessisse
694 2350 808 2414 labori?
1030 2362 1038 2375 ’

155 2443 223 2507 Neo
236 2464 269 2507 se
284 2444 471 2527 magnanimo
485 2444 663 2509 maledicere
677 2447 765 2510 sentit
783 2446 916 2511 Achilli?

155 2538 188 2602 Si
202 2540 355 2603 simulisse
370 2552 458 2603 vocat
471 2541 593 2619 crimen,
608 2542 810 2604 simulavimus
824 2543 924 2606 ambo.

155 2633 189 2695 Si
203 2655 287 2697 mora
301 2653 355 2719 pro
368 2634 460 2718 culpi
473 2649 536 2713 ost;
557 2657 614 2719 ego
629 2658 695 2699 sum
708 2639 848 2701 matun‘or
861 2639 923 2703 illo.
1069 2640 1136 2702 ³⁰⁰

156 2726 211 2791 Me
225 2729 276 2815 pia
291 2730 414 2793 detinuit
427 2731 556 2815 conjux:
578 2732 627 2815 pia
641 2746 737 2797 mater
750 2732 909 2797 Achillen:

156 2822 318 2909 Primaque
332 2840 399 2889 nint
413 2826 470 2890 illis
483 2827 553 2890 data
565 2840 711 2912 tempora,
724 2843 832 2893 cetera
844 2831 938 2894 vobis.

157 2917 249 2982 Haud
263 2921 366 3001 timeo,
380 2924 406 2987 si
415 2922 479 3008 jam
492 2944 610 3008 nequeo
622 2924 783 2988 defendere
796 2926 909 2989 odmen

157 3012 239 3077 Cum
253 3022 337 3082 t'snto
349 3040 508 3083 commune
524 3020 597 3083 viro.
642 3020 818 3104 Deprensus
831 3020 949 3106 Ulyssis

24 3180 32 3194 ·
157 3106 283 3190 Ingenio
296 3127 398 3179 tamen
412 3116 461 3179 illa
473 3138 483 3193 3
505 3130 536 3179 at
548 3138 608 3179 non
622 3115 736 3200 Ajaois,
750 3115 888 3199 Ulyssos.
1072 3118 1139 3181 305

200 3203 291 3269 Neve
305 3209 337 3272 in
350 3232 400 3274 me
413 3210 524 3274 stolido
537 3212 671 3273 convicia
685 3210 808 3274 sundere
821 3212 928 3293 lingue

157 3294 353 3369 Admiremur
367 3327 454 3371 eum:
477 3306 560 3370 uobis
575 3326 693 3389 quoque
708 3305 796 3387 digna
810 3305 924 3388 pudore
1034 3300 1057 3363 '.

157 3389 284 3474 Objicit.
333 3402 385 3465 An
399 3402 472 3466 falso
485 3401 669 3466 Palameden
682 3402 805 3465 crimine
818 3416 905 3485 turpe
949 3430 952 3435 ·

158 3483 331 3555 Aecustsse
345 3496 428 3573 mihi,
443 3497 526 3560 vobis
540 3495 697 3559 damnose
710 3495 851 3559 deoomm
865 3498 933 3560 esti
974 3514 977 3520 ’
