2634 4259
586 372 710 465 'LIBER
725 413 757 462 V.

193 560 333 643 Gorgone
348 562 529 625 bis‘centum
543 563 693 645 riguerunt
706 584 830 644 corpora
845 561 919 623 visa.

235 658 370 721 Poenitet
383 658 482 743 injusti
496 680 575 720 nuno
591 659 718 741 denique
733 658 849 721 Phinea
863 658 943 720 belli.

194 754 256 817 Sed
266 755 340 838 quid
356 758 443 837 agat?
466 753 628 817 Simulacra
644 756 724 834 uidet
739 755 853 817 diversa
866 755 982 836 figuris3

194 852 398 935 Agnoscitque
413 874 498 931 suos:
516 866 552 914 -et
567 852 685 915 nomine
698 873 846 935 quemque
858 867 976 914 vocatos
1108 855 1168 914 155

195 948 297 1011 Poscit
312 971 418 1031 opem:
440 949 623 1033 credensque
638 970 753 1032 parum,
768 949 821 1012 sibi
836 948 969 1032 proxima
983 946 1075 1031 tairgit

196 1044 347 1128 Corpora:
370 1067 497 1108 marmor
511 1058 603 1107 erant.
648 1045 818 1121 Avertitur3
840 1060 929 1129 atque
943 1046 983 1109 ita
996 1046 1136 1129 supplex,

193 1142 414 1226 -Consessesque
428 1164 543 1233 manus,
558 1143 735 1227 obliquaque
749 1143 868 1205 brachia
881 1142 1028 1219 tendens,.

198 1240 340 1317 ‘Vincis'
357 1242 406 1317 ait,
422 1240 570 1303 ‘Perseuz
595 1262 715 1302 remove
730 1240 791 1302 sera
805 1253 934 1302 monstra
943 1261 952 1315 ;
973 1253 1090 1323 tueque

197 1335 340 1400 Saxifioos·
356 1337 465 1415 vultus,
479 1358 672 1421 quaecumque
687 1358 733 1415 ea,
743 1337 818 1399 tolle
833 1335 978 1398 Medusa.
1108 1336 1169 1399 160

197 1426 295 1511 Tolle,
311 1456 425 1517 precor.
471 1432 539 1496 Non
553 1456 606 1499 nos
621 1435 732 1510 odium,
747 1434 867 1516 regnive
881 1434 990 1516 cupido

198 1530 352 1614 Compulit
366 1531 402 1593 ad
417 1532 545 1594 bellum:
568 1553 623 1615 pro
637 1532 764 1615 conjuge
779 1531 925 1593 movimus
939 1552 1029 1595 anua.

198 1628 298 1691 Causa
312 1629 365 1690 fuit
379 1629 489 1691 meritis
504 1630 607 1691 melior
619 1643 682 1704 tua,
697 1642 831 1711 tempore
846 1642 963 1701 nostra.-

198 1724 266 1787 Non
280 1727 401 1791 cessisse
418 1726 508 1809 piget.
553 1725 858 1805 Nihil3,olortissi1ne,
873 1740 979 1809 preter

198 1821 284 1885 Hanc
299 1814 427 1885 animam
441 1824 572 1885 concede
587 1824 677 1885 mibi:
700 1836 751 1884 tua
765 1835 871 1885 caetera
884 1823 993 1885 sunto?
1108 1822 1168 1883 165

197 1920 283 1983 Talia
297 1920 416 1996 dicenti,
431 1940 528 2002 neque
544 1940 623 1993 eum,
639 1940 729 2001 quern
743 1939 818 1979 voce
832 1919 963 1999 rogabat,

198 2016 359 2100 Respicere
375 2016 505 2092 audenti,
521 2015 654 2091 ‘Quod'
671 2016 721 2091 ait,
737 2014 935 2077 ‘timidissime
954 2014 1084 2093 Phineu,
1121 2090 1126 2101 .

198 2112 239 2175 Et
252 2136 372 2197 possum
386 2114 529 2189 tribuisse,
545 2127 575 2175 et
590 2134 731 2207 magnum
745 2134 851 2174 munus
865 2102 949 2176 iberti
962 2127 1019 2192 est,

200 2206 298 2295 (Pone¹
314 2210 441 2295 metum)
458 2211 600 2273 tribuam:
623 2211 705 2273 nullo
719 2210 866 2273 violabere
880 2209 967 2274 serro.
995 2254 997 2258 .

198 2306 281 2380 Quin
296 2308 384 2372 etiam
399 2330 535 2371 mansura
549 2309 625 2391 dabo
640 2323 831 2371 monumenta
845 2330 900 2391 per
913 2331 1027 2386 avum,
1053 2355 1060 2363 1
1108 2312 1169 2371 170

198 2402 291 2489 Inque
307 2406 396 2468 domo
411 2406 503 2467 soceri
519 2427 637 2487 semper
652 2394 823 2486 spectabere
838 2407 946 2467 nostri·

198 2501 241 2564 Ut
255 2525 323 2565 mea
337 2524 369 2564 se
383 2502 482 2585 sponsi
497 2497 606 2563 soletur
620 2500 747 2582 imagine
761 2500 894 2585 conjux!

200 2593 302 2663 Dixit:
326 2600 399 2661 etin
414 2613 527 2683 partem
544 2598 734 2681 Phorcynida
748 2597 893 2660 transtulit
908 2597 998 2675 illam,

142 2718 146 2721 ·
198 2697 247 2757 Ad
264 2718 352 2780 quam
366 2718 398 2758 se
412 2696 527 2779 trepido
541 2696 674 2757 Phineus
689 2695 855 2757 obverterat
869 2717 930 2757 ore.

197 2792 279 2854 Tum
295 2814 412 2876 quoque
426 2792 542 2857 conanti
557 2814 609 2855 sua
624 2792 744 2855 flectere
758 2792 869 2853 lumina
883 2792 985 2854 cervix
1109 2794 1170 2873 175

199 2888 337 2971 Diriguit‚
353 2911 483 2973 saxoque
498 2890 650 2951 oculorum
665 2888 794 2950 induruit
807 2890 923 2949 humor.

199 2986 259 3047 Sed
274 2999 372 3047 tamen
388 3008 420 3048 os
435 2986 580 3060 timidum,
596 2985 753 3065 vultusque
768 2984 797 3044 in
812 2992 956 3070 marmore
970 2984 1109 3068 supplex,

199 3082 413 3167 Submissaeque
428 3102 542 3157 manus,
557 3078 705 3163 faciesque
720 3079 849 3142 obnoxia
862 3081 977 3144 mansit.
