2634 4259
599 376 708 429 LIBER
723 376 796 428 um.

211 524 328 591 Fistula
342 528 504 613 disparibus
519 518 659 611 paulatim
674 529 764 609 surgit
779 526 890 588 avenis·

210 625 294 687 Tum
308 626 368 688 lino
383 626 504 701 medias,
520 638 550 687 et
563 625 638 687 ceris
653 625 752 705 alligat
764 624 851 685 imas

211 722 314 805 Atque
329 722 368 784 ita
383 721 559 804 compositas
574 741 667 803 parvo
680 719 850 783 curvamine
861 718 971 793 flectit:

211 817 257 880 Ut
271 839 355 880 veras
370 818 519 880 imitentur
529 839 613 880 aves.
658 816 740 879 Puer
753 816 853 878 Icarus
867 815 927 876 und

212 914 333 977 Stabat:
357 926 397 991 et,
413 914 529 995 ignarus
543 934 641 975 suase
656 926 780 976 tractare
796 912 915 996 pericla,
946 982 952 994 ,

211 1010 274 1073 Ore
289 1010 444 1087 renidenti,
461 1010 550 1071 modd
566 1031 637 1093 quas
652 1031 728 1091 vaga
742 1017 874 1071 moverat
888 1027 968 1083 aura,

212 1106 361 1189 Captabat
375 1107 507 1189 plumas:
530 1106 638 1169 flavam
652 1105 743 1167 modd
757 1105 864 1187 pollice
878 1125 977 1167 ceram

212 1202 359 1279 Mollibat,
374 1204 500 1285 lusuque
515 1223 569 1264 suc
583 1202 714 1263 mirabile
729 1201 819 1284 patris
844 1247 847 1254 ,

211 1298 396 1383 Mpediebet
410 1320 495 1382 opus.
539 1297 702 1381 Postquam
717 1320 821 1360 manus
836 1297 938 1362 ultima
951 1296 1058 1379 creptis

212 1394 354 1479 Imposita
369 1409 431 1472 est;
453 1395 585 1477 geminas
600 1393 702 1478 opifex
716 1394 831 1456 libravit
845 1394 875 1455 in
890 1394 950 1455 alas

211 1491 280 1575 lpse
295 1514 381 1555 suum
395 1514 518 1577 corpus:
541 1492 683 1577 motique
697 1491 840 1575 pependit
854 1491 884 1552 in
899 1491 980 1553 auri.

254 1588 374 1652 Instruit
388 1602 418 1651 et
432 1602 552 1651 natum:
575 1588 757 1672 ‘Medioque
771 1602 806 1651 ut
819 1588 912 1651 limite
926 1609 1035 1664 curras,

211 1684 314 1763 lcare‚’
331 1686 381 1763 ait,
396 1694 538 1749 ‘moneoz
561 1706 610 1762 ne,
624 1686 649 1748 si
664 1686 817 1757 demissior
830 1685 894 1762 ibis,

210 1781 300 1845 Unda
315 1796 417 1865 gravet
430 1804 561 1866 pennas;
583 1783 607 1845 si
621 1782 737 1859 celsior,
751 1783 825 1864 ignis
839 1784 952 1845 adurat.

210 1877 462 1961 Interutru'mque
478 1879 555 1941 vola.
599 1877 667 1941 Nec
681 1893 712 1940 te
726 1890 860 1961 spectare
874 1877 1005 1955 Booten,

211 1975 275 2037 Aut
290 1973 418 2037 Helicen
430 1974 533 2060 jubeo,
548 1975 720 2037 strictumve
735 1974 854 2037 Orionis
868 1996 983 2060 ensem.

113 2118 115 2122 ,
210 2070 265 2133 Me
280 2072 367 2150 duce,
381 2093 470 2155 carpo
485 2072 584 2133 viam?
628 2071 745 2135 Pariter
757 2086 904 2157 praecepta
919 2072 1037 2135 volandi

209 2166 333 2247 Tradit3
355 2180 387 2232 et
400 2169 513 2251 ignotas
529 2166 658 2233 humeris
674 2169 882 2233 adcommodat
898 2170 970 2233 alas.

209 2268 291 2331 Inter
302 2288 376 2349 opus
391 2266 577 2353 monitusque
592 2287 675 2348 genae
689 2267 830 2329 maduere
845 2268 969 2331 seniles:

210 2365 252 2441 Et
266 2364 364 2447 patriae
379 2364 526 2424 tremuere
540 2382 655 2423 manus.
700 2362 793 2425 Dedit
806 2364 909 2425 oscula
923 2377 993 2427 nato
1055 2427 1058 2431 ,

210 2459 280 2523 Non
295 2461 402 2522 iterum
416 2457 578 2541 repetenda
591 2479 662 2520 suo:
686 2458 849 2542 pennisque
863 2460 978 2523 levatus
1025 2516 1028 2522 .

210 2558 291 2620 Ante
307 2557 403 2633 volat3
425 2555 584 2638 comitique
599 2555 700 2618 timet:
724 2557 806 2619 velut
820 2557 891 2634 ales,
903 2558 941 2619 ab
954 2558 1014 2621 alto

210 2654 288 2727 Quae
303 2667 434 2716 teneram
449 2652 562 2735 prolem
578 2652 715 2735 producit
726 2654 758 2716 in
772 2657 841 2717 aera
854 2655 934 2718 nido.

209 2748 527 2833 Hortaturquesequi3
549 2749 761 2834 darnnoeasque
776 2752 980 2815 cruditantes:

153 2864 160 2877 ·
210 2846 251 2911 Et
266 2859 366 2909 movet
381 2847 445 2928 ipsc
459 2866 537 2922 suae,
552 2859 583 2908 et
597 2847 657 2909 nati
672 2849 790 2930 respicit
804 2849 876 2911 alas.

252 2944 318 3007 Hos
333 2944 446 3027 aliquis,
461 2941 588 3005 tremula
601 2943 672 3004 dum
686 2957 787 3025 captat
800 2945 941 3006 arundine
956 2947 1066 3027 pisces,

210 3042 274 3104 Aut
289 3054 387 3124 pastor
400 3040 517 3114 baculo,
533 3038 645 3123 stivave
662 3040 779 3102 iunixus
794 3052 898 3115 arator,

212 3139 305 3215 Vidit,
321 3152 351 3201 et
365 3137 532 3220 obstupuit:
557 3136 665 3219 quique
681 3137 790 3199 ethera
802 3158 924 3220 carpere
939 3152 1068 3222 possent,

210 3237 346 3300 Credidit
360 3257 424 3298 esse
439 3236 522 3297 deos.
546 3268 547 3276 κ
567 3232 610 3295 Et
618 3233 681 3317 jam
696 3232 825 3297 Junonia
838 3235 929 3311 leva,

210 3336 300 3397 Parte
316 3334 421 3395 Samos
436 3332 560 3407 sueram,
576 3328 742 3413 Delosque,
757 3330 910 3414 Parosque
928 3332 1053 3395 relictae:

211 3433 327 3494 Dextra
342 3430 516 3511 Lebynthos
531 3440 624 3503 erant,
640 3426 838 3510 soecundaque
851 3429 940 3490 melle
955 3427 1124 3512 Calymne:
1140 3434 1183 3493 40

211 3528 292 3593 Ciam
308 3548 383 3611 puer
398 3525 500 3589 audaci
514 3523 606 3607 coepit
621 3522 749 3606 gaudere
764 3524 863 3587 volatu
876 3546 885 3600 ;
