2634 4259
112 350 118 359 ’
185 376 228 438 76
499 370 847 435 Maunmoartrosuou

185 532 330 617 Dumque
343 548 443 615 rogat3
465 555 519 617 pro
535 533 595 617 qui
609 549 701 615 rogat,
716 534 832 596 occidit.
876 532 959 595 Orba
972 534 1081 597 resedit

186 629 349 693 Exanimes
364 631 548 707 internatae,
563 644 715 715 natasque,
732 632 902 713 virumque:
1097 631 1158 694 155

185 715 376 813 Diriguitque
386 728 481 791 malis.
526 727 632 790 Nullos
646 740 747 790 movet
761 749 831 789 aura
845 728 976 809 capillos,

185 823 220 885 In
236 825 318 887 vultu
332 825 414 888 color
428 839 473 889 est
487 825 549 887 sine
565 826 724 907 sanguine:
747 826 857 889 lumina
871 824 984 887 moestis

185 921 271 984 Stant
285 922 405 987 inmota
420 924 520 1005 genis:
543 922 614 984 nihil
629 922 719 984 estin
734 922 860 1003 imagine
875 921 944 983 vivi.

184 1017 254 1100 Ipsa
271 1041 388 1103 quoque
404 1019 523 1081 interius
538 1041 608 1081 cum
623 1019 697 1080 duro
710 1019 810 1100 lingua
824 1009 924 1101 palato

184 1113 342 1197 Congclat,
358 1130 388 1178 et
403 1138 485 1178 venae
499 1116 642 1179 desistunt
657 1138 743 1199 posse
758 1116 887 1178 moueri*
1084 1117 1159 1179 160
1226 1103 1231 1109 ’

130 1271 135 1279 ,
184 1210 251 1274 Neo
265 1212 345 1275 flecti
359 1213 473 1289 cervix,
488 1234 544 1275 neo
559 1212 679 1290 brachia
693 1207 817 1279 reddere
834 1227 944 1294 gastus2

184 1306 250 1369 Nec
266 1330 319 1392 pes
335 1310 376 1372 irc
391 1322 505 1393 potest:
528 1310 603 1371 intra
618 1330 736 1393 quoque
749 1310 862 1371 viscera
876 1331 981 1372 saxum
994 1322 1049 1371 est.
1064 1344 1070 1351 ·
1125 1338 1127 1342 ¹

184 1403 253 1470 Flet
268 1419 377 1483 tamen,
393 1420 423 1469 et
438 1405 525 1467 validi
539 1406 719 1469 circumdata
734 1407 848 1469 turbine
863 1406 943 1469 venti
1052 1402 1060 1416 '

183 1500 218 1562 ln
235 1502 358 1584 patriam
371 1517 456 1586 rapta
469 1517 531 1565 est:
554 1502 604 1565 ubi
619 1504 679 1565 fixa
692 1504 845 1590 cacumine
859 1504 982 1566 montis

182 1598 329 1724 L'iquitur,
344 1614 374 1663 et
388 1601 534 1683 lacrymas
549 1601 711 1663 etiamnum
724 1619 869 1675 marmora
887 1613 1016 1663 manant.
1096 1601 1158 1662 165
1188 1674 1191 1677 ⁴

200 1722 210 1755 ,
366 1719 368 1724 .

240 1871 390 1957 'samua
413 1901 553 1959 raooun,
575 1901 774 1957 numeriani,
797 1900 831 1943 m
853 1871 933 1943 uvas
955 1901 1088 1943 uuam.
1125 1887 1129 1890 '

609 2121 639 2161 v.
657 2101 731 2163 620.

227 2277 275 2339 Ad
290 2291 414 2341 matrem
430 2278 566 2341 veniebat
580 2277 654 2361 Itys.
700 2243 901 2360 Quidpossit‚
917 2280 1019 2343 abillo
1078 2294 1081 2299 “
1123 2267 1126 2274 ’

86 2386 88 2393 ’
119 2444 121 2448 Α
182 2373 343 2438 Admonita
357 2388 418 2437 est:
441 2376 592 2459 oculisque
607 2389 694 2437 tuens
708 2368 962 2451 immitibus,'‘Ah
982 2380 1072 2461 quam

182 2470 226 2533 Rs
240 2471 340 2533 similis
354 2472 429 2553 patri
440 2472 458 2534 l'
482 2473 566 2535 dixit.
612 2471 679 2535 Nec
695 2473 778 2555 plura
792 2473 900 2549 locuta,

181 2568 281 2630 Triste
296 2582 378 2651 parat
393 2567 523 2645 lacinus3
537 2554 694 2652 'tacitique
710 2582 852 2631 exaestuat
866 2568 918 2631 iria.

224 2664 268 2727 Ut
282 2679 382 2727 tamen
397 2666 520 2729 accessit
534 2680 629 2743 natue,
646 2667 790 2748 matrique
805 2666 931 2729 salutem
1095 2672 1156 2732 170

182 2762 301 2839 Attulit,
317 2776 347 2824 et
362 2763 458 2844 parvis
472 2763 596 2825 adduxit
610 2763 687 2825 colla
700 2763 826 2839 lacertis,

182 2858 339 2943 Mixtaque
354 2859 499 2921 blanditiis
514 2860 674 2943 puerilibus
688 2859 789 2921 oscula
799 2859 916 2943 junxit3

181 2952 269 3037 Mota
282 2957 401 3041 quidem
416 2972 461 3021 est
475 2958 619 3044 genitrix}
642 2956 822 3039 iuli-actaque
836 2957 965 3020 constitit
979 2944 1037 3019 da:

182 3052 328 3138 Invitique
342 3053 419 3116 oculi
434 3054 571 3137 lacrymis
586 3054 727 3117 madudre
741 3043 862 3116 coactis.

182 3150 242 3212 Sed
257 3150 343 3212 sim'ul
359 3152 398 3211 eri
413 3150 504 3211 nimia
517 3166 641 3214 matrem
657 3152 766 3233 pietate
781 3152 879 3212 labare
1095 3155 1155 3215 175

182 3247 291 3323 Sensit,
307 3247 415 3309 abhoc
431 3246 536 3309 itemm
551 3262 596 3309 est
611 3248 648 3309 ad
663 3248 759 3307 vultus
774 3269 858 3309 versa
872 3246 994 3322 sororis;

181 3342 276 3426 Inque
291 3344 386 3405 vicem
401 3356 537 3425 spectans
553 3344 665 3417 ambos,
680 3341 764 3404 ‘Cur
777 3344 936 3419 admovet,'
952 3343 1055 3426 inquit,

183 3441 290 3501 ‘Alter
302 3440 475 3516 blanditias3
498 3441 582 3522 rapti
597 3440 663 3502 silet
677 3439 769 3501 altera
779 3440 899 3521 linguai?
1007 3434 1012 3443 ¹

182 3536 284 3611 Quam
300 3550 386 3598 vocat
401 3537 449 3599 hic
463 3550 597 3614 matrem,
611 3558 665 3599 cur
678 3557 737 3599 non
753 3528 839 3599 vocat
853 3536 901 3598 illa
913 3538 1063 3630 sororem?
