2634 4259
191 412 234 477 ³6
353 446 359 459 ·
501 416 847 471 Manauoarnosnou

190 566 256 633 Hos
270 580 356 631 necat
371 568 483 630 afflatos
497 566 603 629 funesti
619 568 688 629 tabe
702 566 820 629 veneni.

232 663 359 731 Fecerat
373 664 495 746 exiguas
506 664 569 747 jam
584 663 627 726 sol
642 663 797 736 altissimus
811 661 946 723 umbras:

190 758 268 835 Quae
283 782 365 824 mora
379 761 416 823 sit
429 761 514 823 sociis
527 760 648 822 miratur
660 760 801 842 Agenore
815 771 919 834 natus;
985 776 988 782 “

190 855 384 942 Vestigatque
399 859 484 920 viros.
528 856 676 939 Tegimen
691 856 812 939 derepta
826 855 905 917 leoni

189 953 280 1015 Pellis
296 967 375 1031 erat;
398 954 490 1016 telum
503 952 669 1037 splendenti
684 951 888 1027 lanceolam,

189 1049 231 1112 Et
240 1049 390 1134 jaculum3
412 1043 530 1133 teloque
546 1050 658 1111 animus
673 1047 853 1132 praestantior
866 1046 958 1109 omni.

154 1186 157 1193 ·
188 1145 233 1209 Ut
246 1167 351 1209 nemus
365 1147 492 1223 intravit,
506 1146 654 1228 letataque
670 1165 793 1227 corpora
808 1143 889 1220 vidit,

190 1241 401 1327 Victoremque
415 1242 503 1326 supra
517 1242 635 1326 spatiosi
648 1240 778 1325 eorporis
792 1240 909 1302 hostem

187 1338 296 1401 Tn'stia
310 1339 471 1421 sanguinei
484 1339 664 1401 lambentem
678 1338 800 1399 vulnera
813 1336 932 1418 lingud;

189 1436 271 1498 ‘Aut
285 1437 361 1499 ultor
374 1449 487 1513 vestra,
501 1434 639 1497 fidissima
653 1455 786 1517 corpora,
800 1434 911 1509 mortis,

188 1533 252 1594 Aut
265 1532 386 1610 oomeS‚'
402 1532 505 1615 inquit,
521 1530 611 1593 ‘ero'
656 1531 760 1593 Dixit:
783 1529 948 1614 dembque
961 1530 1102 1597 molarem

188 1626 328 1706 Sustulit3
349 1643 379 1691 et
393 1648 532 1711 magnum
547 1649 653 1711 magno
667 1628 821 1691 conamine
835 1627 924 1690 misit.

188 1724 269 1789 Illius
283 1726 410 1809 impulsu
424 1747 492 1789 eum
508 1726 632 1787 turribus
647 1724 737 1786 ardua
750 1724 836 1785 celsis

187 1820 302 1887 Moenia
316 1836 396 1884 mota
410 1821 521 1885 forent:
543 1842 664 1905 serpens
679 1820 741 1882 sine
756 1820 876 1883 vnlnere
890 1820 1007 1884 mansit.

187 1918 359 2002 Iorieaeque
374 1918 463 1982 modo
477 1916 604 2002 squamis
619 1916 768 1994 defensus,
783 1931 813 1979 et
827 1929 895 1978 atra

187 2015 305 2078 Duritia
319 2016 414 2099 pellis,
430 2013 541 2078 'validos
554 2029 622 2078 cute
637 2014 745 2098 repulit
759 2014 844 2077 ictus.
935 2059 939 2063 x

186 2112 230 2174 At
244 2133 302 2174 non
319 2112 423 2173 duritia
434 2112 566 2195 jaculum
581 2133 698 2195 quoque
714 2110 804 2172 vincit
818 2109 945 2188 eddem3

187 2207 280 2281 Quod
294 2207 393 2269 medio
406 2208 493 2269 lenta
507 2208 600 2269 fixum
614 2227 783 2269 curvamrne
798 2206 888 2289 spine

157 2376 160 2382 ¹
176 2299 346 2380 'Constitit3
368 2316 398 2365 et
412 2317 474 2366 toto
489 2302 641 2365 descendit
656 2302 685 2363 in
700 2302 749 2364 ilia
763 2300 849 2365 ferro.

185 2400 251 2478 llle,
266 2400 364 2463 dolore
380 2399 473 2479 seron,
488 2414 578 2485 caput
592 2400 622 2463 in
636 2415 690 2462 sua
703 2413 786 2483 terga
799 2399 931 2462 retorsit:

187 2488 378 2582 Vulneraque
394 2498 539 2581 adspexit,
554 2498 706 2581 fixumque
721 2496 825 2559 hastile
840 2496 1006 2559 momordit.

186 2594 289 2677 quue,
305 2594 355 2656 ubi
369 2595 399 2657 vi
413 2594 506 2657 multa
520 2608 633 2677 partem
648 2592 786 2675 labefecit
799 2594 829 2655 in
846 2614 976 2669 ornnem,

187 2690 249 2754 Vix
264 2704 346 2773 tergo
361 2690 483 2774 eripuit:
506 2689 614 2752 ferrum
629 2704 727 2751 tamen
743 2690 856 2752 ossibus
870 2689 972 2752 haeret.

185 2787 266 2849 Tum
281 2786 362 2865 verb,
377 2800 533 2871 postquam
547 2787 645 2849 solitas
659 2786 782 2849 accessit
796 2786 833 2848 ad
847 2787 904 2849 iras

114 2874 117 2879 ¹
181 2880 278 2966 ¹Plaga
292 2902 406 2961 recem,
421 2883 515 2968 plenis
530 2896 701 2947 tumuerunt
715 2897 832 2966 guttura
845 2884 947 2946 venis:

184 2982 356 3067 Spumaqne
371 2981 522 3067 pestiferos
537 2982 712 3045 circumfluit
726 2982 822 3043 albida
835 2981 941 3045 rictus:

184 3078 336 3161 Terraque
351 3101 416 3142 rasa
429 3092 513 3141 sonat
527 3079 654 3162 squamis
667 3100 674 3140 :
698 3079 806 3162 quique
821 3079 928 3142 halitus
944 3080 1008 3142 exit

184 3174 246 3237 Ore
263 3176 344 3257 niger
357 3176 462 3259 Stygio
477 3175 590 3236 vitiatas
604 3176 694 3237 inficit
708 3196 802 3236 auras.

184 3270 253 3354 lpse
268 3272 357 3333 modb
373 3274 548 3334 immensum
563 3271 646 3354 spiris
662 3269 833 3332 facientibus
847 3270 949 3333 orbem

185 3367 337 3449 Cingitur:
361 3368 506 3430 interdum
520 3367 608 3449 longd
621 3368 703 3428 trabe
718 3367 823 3429 rectior
836 3367 909 3429 exit.

184 3464 300 3547 Impete
315 3487 393 3528 nunc
408 3479 501 3541 vasto,
513 3486 571 3527 eeu
585 3464 718 3527 concitus
732 3464 871 3527 imbribus
884 3464 988 3542 amnis,

184 3559 301 3637 Fertur,
317 3575 346 3623 et
365 3563 514 3624 obstantes
529 3562 679 3645 proturbat
694 3576 814 3645 pectore
828 3563 927 3625 silvas.
