2634 4259
580 384 687 435 LIBER
705 386 740 435 Il.

172 529 243 594 Non
258 532 424 595 auditurum
439 533 557 595 miseras
572 532 762 597 Phaethonta
776 535 909 617 querelas

171 626 270 690 Nocte
286 628 394 711 dieque
409 643 530 691 vocant:
555 630 817 714 adsternunturque
831 631 976 713 sepulcro.

170 723 259 786 Luna
275 715 377 808 quater
386 724 495 809 junctis
510 726 647 807 implerat
660 727 796 787 cornibus
810 728 929 790 orbem:
997 734 1008 753 '

170 818 232 882 Illae
248 842 328 882 more
344 843 398 883 suo
414 820 496 906 (nam
511 843 623 883 morem
639 822 749 885 fecerat
763 823 848 909 usus)

170 914 349 997 Plangdrem
365 918 516 979 dederant.
534 918 590 981 ..E
604 918 670 1001 quis
685 919 858 983 Phaethusa
872 942 1003 983 summm
1080 922 1143 985 345

170 1010 318 1089 Maxima,
332 1015 401 1075 ciam
416 1013 506 1075 vellet
519 1027 605 1076 terrae
622 1018 825 1097 procumbere,
840 1032 943 1100 questa
957 1032 1003 1080 cst

171 1108 335 1190 Diriguisse
349 1110 458 1192 pedes:
483 1110 519 1175 ad
535 1106 624 1193 quam
638 1126 745 1174 conata
759 1107 859 1175 venire

171 1203 308 1267 Candida
322 1205 490 1288 Lampetie,
505 1206 601 1268 subita
615 1208 713 1277 radice
727 1222 841 1272 retenta
854 1225 910 1272 est.

170 1300 284 1377 Tertia,
298 1304 366 1363 clun
381 1302 491 1365 crinem
506 1304 639 1365 manibus
653 1306 761 1367 laniare
777 1319 903 1388 pararet,

170 1398 284 1459 Avellit
298 1396 425 1460 frondes.
469 1398 543 1461 Haec
559 1400 657 1482 stipite
672 1422 757 1466 crura
770 1402 874 1478 terreri,
1080 1404 1145 1465 350

170 1493 226 1555 Illa
241 1494 320 1556 dolet
334 1495 395 1557 fieri
409 1495 578 1576 longoswsua
592 1497 712 1558 brachia
724 1519 832 1559 ramos.

171 1589 256 1664 Quid
270 1590 356 1652 faciat
370 1594 483 1654 mater?
505 1592 570 1668 uisi,
586 1594 645 1675 qul>
659 1594 755 1655 trahat
769 1594 897 1676 impetus
912 1593 1003 1670 illam,

170 1684 242 1748 Huc
257 1700 315 1763 eat,
330 1701 418 1771 atque
433 1688 522 1751 illuc?
545 1703 585 1765 et,
601 1690 672 1751 dum
686 1690 765 1767 licet,
780 1690 880 1752 oscula
890 1689 1016 1773 jungat?

171 1782 241 1845 Nou
255 1784 323 1847 satis
338 1798 393 1845 est.
437 1784 565 1847 Tmncis
581 1786 708 1847 avellere
723 1808 847 1868 corpora
861 1799 974 1864 tentat;

171 1878 213 1941 Et
228 1894 342 1942 teneros
358 1882 491 1943 manibus
506 1903 601 1943 ramos
617 1882 808 1963 abrumpere:
832 1896 862 1943 at
875 1881 944 1943 iuda
1080 1882 1145 1944 355

171 1975 349 2059 Sanguineae
364 1990 495 2053 manant,
510 1991 649 2060 tanquam
665 1977 703 2037 de
719 1978 851 2052 vulnere,
866 1990 964 2057 gutta.

171 2071 296 2149 ‘Parce,
312 2095 428 2156 precor,
444 2073 557 2149 mater,'
573 2093 755 2157 quaecunque
769 2086 815 2135 est
827 2073 936 2149 saucia,
950 2072 1075 2135 clamat:

118 2236 123 2245 ,
172 2169 296 2246 ‘Parce,
311 2191 432 2253 precor:
454 2184 584 2231 nostrum
600 2170 724 2231 laniatur
738 2169 767 2231 in
781 2170 888 2231 arbore
898 2189 1014 2252 corpus.

170 2263 299 2349 Jamque
314 2266 402 2327 vale!
447 2265 562 2331 Cortex
577 2266 605 2327 in
622 2266 712 2327 verba
726 2266 883 2328 novissima
897 2266 989 2328 venit.

171 2360 245 2422 Inde
261 2362 357 2423 fluunt
370 2362 525 2444 lacryma:
548 2362 714 2443 stillataque
729 2362 792 2422 sole
808 2361 955 2441 rigescunt
1081 2358 1145 2420 ³60

171 2456 222 2518 De
237 2457 323 2519 rumis
338 2458 447 2519 electra
461 2458 561 2519 novis:
585 2479 648 2540 quar
664 2456 777 2518 lucidus
791 2456 885 2517 amnis

172 2552 305 2636 Excipit,
321 2568 351 2615 et
364 2554 484 2616 nuribus
498 2554 585 2615 mittit
600 2553 743 2633 gestanda
757 2547 881 2614 Latinis.
966 2541 970 2547 ’

521 2804 655 2846 ruvrme
678 2804 797 2845 nouus.

598 2986 630 3026 v.
645 2966 720 3027 760.

173 3146 312 3209 Protinus
326 3146 458 3223 Invidiae,
472 3146 555 3227 nigro
570 3144 744 3229 squallentia
757 3143 838 3218 tabo,

174 3244 273 3307 Tecta
287 3244 371 3326 petit.
415 3244 532 3306 Domus
547 3258 591 3305 est
605 3243 670 3306 imis
685 3242 714 3305 in
728 3241 852 3304 vallibus
866 3239 940 3301 antri

83 3408 86 3413 ,
173 3340 298 3415 Abdita,
312 3340 501 3417 sole-carena,
517 3362 574 3417 non
588 3341 639 3402 ulli
654 3339 756 3424 pervia
772 3349 879 3411 vent03
1083 3332 1147 3394 365

175 3436 293 3512 Tristia,
309 3451 339 3499 et
353 3437 450 3519 ignavi
465 3437 632 3520 plenissima
647 3436 775 3517 frigoris3
797 3446 828 3495 et
843 3452 906 3513 qua

178 3531 250 3616 lgne
267 3548 351 3596 vacet
365 3556 492 3617 semper,
505 3534 628 3614 caligine
641 3552 762 3615 ¹semper
775 3527 914 3592 abundet.
