2634 4259
620 390 726 451 ursan
749 392 795 443 ιιι.
1131 383 1188 441 ιιι
1276 446 1281 454 ,

220 540 325 624 Surge,
340 564 413 624 age:
436 540 474 604 da
487 543 650 625 lacrymas3
671 542 862 625 lugubriaque
877 541 983 604 indue:
1005 562 1063 605 nec
1077 562 1126 604 me

219 638 443 721 Indeploratum
457 639 512 701 sub
525 638 621 701 inania
635 636 760 701 Tartara
773 638 879 700 mitte.’

219 734 332 819 Adjicit
346 736 392 797 bis
406 755 511 797 vocem
526 732 710 816 Morpheus;
732 755 820 817 quam
835 733 967 817 conjugis
981 734 1031 819 illa

220 829 366 893 Crederet
382 852 447 893 esse
462 832 517 893 sul.
561 830 667 896 Fletus
682 850 800 914 quoque
814 830 935 893 fundere
951 832 1052 893 veros'

222 926 312 989 Visus
327 940 405 989 erat:
429 941 602 1010 gestumque
617 948 721 989 manus
736 926 849 1009 Ceycis
863 926 1020 989 habebant.
1128 930 1193 990 310

266 1020 407 1105 [Ingemit
421 1022 578 1105 Halcyone
592 1023 768 1106 lacrymans,
782 1036 933 1106 motatque
946 1023 1072 1085 lacertos

221 1118 284 1180 Per
296 1141 448 1183 somnum:
471 1138 637 1202 corpusque
653 1132 758 1202 petens
770 1120 957 1202 amplectitur
970 1140 1072 1182 auras:

221 1214 449 1299 Exclamatque,
466 1213 588 1277 ‘Mane
633 1213 707 1288 Qut
721 1228 751 1277 te
765 1216 864 1298 rapis?
886 1216 992 1279 ibimus
1006 1210 1105 1298 uni.']

223 1310 308 1373 Voce
323 1312 378 1388 sui,
393 1313 552 1395 specieque
567 1312 630 1387 viri,
645 1312 759 1374 turbata
773 1333 910 1395 soporem
942 1358 945 1363 -
983 1340 988 1347 ·

222 1406 364 1471 Excutit:
387 1422 418 1470 et
432 1408 527 1490 primo
541 1408 565 1470 si
580 1408 617 1469 sit
631 1408 828 1490 circumspicit
842 1407 912 1484 illic,
1008 1396 1011 1401 ¹
1129 1410 1193 1470 315

222 1502 287 1577 Qui
300 1503 390 1573 modo
405 1504 484 1566 visus
498 1517 570 1567 erat.
615 1501 696 1567 Nam
710 1503 782 1565 moti
796 1525 870 1567 voce
884 1503 1006 1567 ministri

222 1597 385 1661 Intulerant
398 1600 508 1664 lumen.
553 1599 717 1683 Postquam
730 1620 793 1666 non,
804 1600 915 1663 invenit
929 1612 1071 1684 usquam:

222 1692 356 1758 Percutit
370 1717 420 1758 ora
435 1717 540 1757 manu:
563 1696 712 1779 laniatque
725 1718 744 1757 a
758 1710 877 1779 pectore
893 1709 1006 1759 vestes:

223 1790 409 1876 Pectoraque
424 1792 487 1875 ipsa
501 1790 576 1853 ferit.
621 1791 689 1853 Nec
702 1792 814 1854 crinem
828 1793 942 1854 solvere
956 1805 1040 1855 curat
1048 1813 1058 1868 ;

223 1886 352 1950 Scindit:
369 1901 406 1967 ¹et
420 1888 523 1963 altrici,
537 1908 600 1971 quae
615 1888 711 1949 luetris
724 1889 979 1971 causa,roganti„
1130 1891 1195 1952 320

224 1982 333 2047 ‘Nulla
347 1997 392 2046 est
406 1982 575 2067 Halcyone,
589 1984 670 2045 nulla
683 1984 749 2060 est,'
763 1984 821 2059 ait3
844 1984 969 2049 ‘occidit
982 1984 1043 2046 uni

224 2078 304 2143 Cum
319 2079 426 2163 Ceyce
440 2101 505 2143 suo.
550 2080 682 2143 Solantia
696 2080 788 2143 tollite
803 2080 903 2143 verba.
1015 2158 1020 2167 ‚

225 2174 390 2261 Naufragus
405 2176 522 2239 interiit.
567 2175 651 2259 Vidi,
664 2178 847 2262 agnovique;
868 2198 1032 2262 manusque

224 2273 281 2333 Ad
290 2274 503 2350 discedentem,
517 2274 640 2356 cupiens
654 2274 790 2351 retinere,
805 2275 927 2337 tetendi.
1229 2349 1232 2354 ¹

225 2367 338 2431 Umbra
352 2369 442 2451 sugit:
466 2370 518 2430 sed
534 2381 563 2429 et
578 2370 681 2432 umbra
695 2383 792 2431 tamen
806 2370 970 2447 manifesta,
985 2371 1097 2454 virique
1131 2373 1194 2435 325

226 2464 306 2527 Vera
320 2466 388 2528 mei.
433 2462 463 2529 N
465 2486 503 2526 on
518 2464 566 2527 ille
582 2464 712 2547 quidem,
725 2464 750 2528 si
765 2466 878 2548 queris,
893 2466 1021 2530 babebat

223 2562 373 2623 Adsuetos
388 2561 503 2624 vultus:
527 2581 592 2637 neo,
609 2582 669 2644 quo
683 2561 763 2644 priris
777 2582 839 2637 ore,
853 2562 974 2625 nitebat.

224 2658 402 2733 Pudentem,
416 2658 598 2741 nudumque,
614 2672 644 2719 ct
659 2659 756 2720 adbuc
770 2659 912 2722 humente
925 2659 1033 2742 capillo

224 2754 330 2817 lnselix
347 2755 422 2816 vidi:
445 2754 525 2817 stetit
539 2755 596 2817 hoc
610 2754 781 2817 miserabilis
794 2755 859 2838 ipso

224 2850 305 2913 Ecce
319 2852 387 2912 loco
397 2851 415 2912 τ’
439 2865 469 2912 et
484 2850 595 2933 quaerit,
610 2851 734 2931 vestigia
747 2851 771 2911 si
786 2872 845 2933 qua
857 2852 1013 2933 supersint.
1132 2854 1196 2915 330

223 2955 231 2983 ‘
243 2946 311 3009 Hoc
326 2961 398 3023 emt,
414 2948 472 3009 hoc
486 2947 584 3007 animo
599 2946 678 3027 quod
693 2945 842 3007 divinante
856 2946 1015 3021 timebam;

199 3084 204 3092 -
223 3042 264 3105 Et
278 3063 327 3118 ne,
342 3063 391 3104 me
406 3041 531 3123 lugiens,
546 3054 650 3103 ventos
664 3059 821 3122 sequerere
834 3041 993 3121 rogabam?

225 3140 265 3201 At
280 3140 361 3201 certe
377 3138 496 3225 vellem,
511 3133 647 3221 quoniam
663 3136 809 3219 periturus
823 3136 933 3213 abibas,

223 3234 276 3297 Me
292 3255 409 3317 quoque
425 3234 570 3296 duxisses.
613 3232 733 3296 Tecum
747 3232 801 3295 filit
815 3232 897 3309 utile,
911 3247 1011 3295 tecum

222 3330 269 3393 Ire
284 3332 367 3393 mihi.
411 3328 519 3413 Neque
534 3330 613 3392 enim
627 3331 667 3393 de
682 3331 748 3393 vite
762 3344 896 3413 tempore
911 3329 1072 3414 quidquam
1131 3335 1195 3396 335

223 3427 292 3490 Non
307 3427 393 3490 simul
408 3428 549 3508 egissem:
572 3447 628 3489 nec
641 3448 720 3489 mors
735 3426 859 3488 discreta
872 3424 984 3487 luisset.

224 3523 312 3586 Nunc
327 3524 431 3585 absens
445 3544 547 3605 pereo,
557 3522 653 3607 jactor
667 3542 745 3583 nunc
760 3520 896 3583 fluctibus
911 3520 1033 3586 absens:
