2634 4259
2 3624 9 3729 i
52 3736 56 3745 .

2 3752 4 3825 r

537 403 711 455 EPISTOLA
735 402 796 457 VII.

180 549 265 626 Quid
281 574 355 635 puer
366 553 525 631 Ascanius,
541 556 609 639 quid
625 556 655 616 di
670 554 805 616 mernere
821 554 964 637 penates?

223 649 342 731 Ignibus
356 664 473 733 ereptos
488 652 590 713 obruet
605 652 685 712 unda
699 652 782 713 deos.
868 678 871 681 ·
893 662 900 681 ·
976 689 980 698 1

180 745 242 807 Sed
253 766 354 829 'neque
369 746 426 808 sers
440 760 556 809 tecum:
579 768 646 825 nec,
662 768 726 829 quae
740 748 823 823 mihi,
839 745 961 829 perfide,
971 744 1077 830 jactas,

223 840 399 905 Presserunt
408 843 551 914 ..humeros
565 864 647 905 sacra
660 857 802 926 paterque
818 858 895 905 tuos.
911 869 914 873 ⁴

180 936 291 1001 Omnia
305 939 452 1000 mentiris:
475 960 531 1000 neo
546 941 625 1001 enim
639 953 691 1000 tua
703 938 805 1001 fallere
819 940 919 1021 lingua
1110 938 1153 998 75

223 1026 330 1117 Incipit
345 1057 362 1097 a
376 1035 477 1111 nobis3
494 1034 651 1119 primaque
666 1035 780 1118 plector
794 1058 861 1118 ego.

180 1130 214 1194 Si
229 1153 349 1214 quaeraS,
363 1132 413 1193 ubi
428 1134 464 1194 sit
475 1131 593 1194 formosi
608 1145 702 1194 mater
715 1132 787 1201 liiii:
877 1191 880 1194 .

223 1227 351 1310 Occidit,
367 1249 384 1290 e
399 1228 473 1290 duro
486 1229 548 1292 sola
562 1228 663 1291 relicta
677 1230 751 1290 viro.
829 1252 833 1258 ’

182 1322 248 1386 Neo
262 1325 333 1387 mihi
347 1346 431 1387 mens
446 1326 533 1387 dubia
548 1340 603 1402 est,
619 1326 688 1408 quin
703 1340 734 1387 te
744 1339 799 1387 ⁴tua
812 1326 933 1391 numina
947 1327 1098 1387 damnent.
1124 1354 1145 1396 ,ν

223 1420 388 1499 Permane,
404 1444 457 1506 per
470 1437 561 1485 terras
572 1423 701 1506 septima
711 1422 923 1505 jactat-hiems.
1044 1478 1047 1482 .
1108 1422 1152 1483 80

180 1516 261 1579 Diva
277 1538 393 1601 parens,
408 1519 562 1602 seniorque
571 1532 671 1600 pater,
686 1520 735 1601 pia
747 1509 860 1580 sardina
873 1520 944 1596 nati,

224 1614 317 1697 Spem
331 1615 402 1678 mihi
418 1616 544 1677 mansuri
558 1615 613 1677 ‘rite
629 1615 738 1676 dedere
753 1615 817 1676 viri.

180 1710 214 1773 Si
229 1711 283 1773 suit
298 1712 462 1788 errandum,
477 1734 580 1773 causas
595 1712 685 1773 habet
700 1732 780 1773 error
792 1712 949 1774 honestas:

223 1800 312 1869 ¹Adde
327 1806 433 1883 fidem3
455 1807 633 1889 nuild'parte
649 1808 794 1889 pigendus
808 1808 873 1869 erit.

181 1902 279 1965 Durat
292 1904 322 1965 in
337 1912 514 1979 extremum,
532 1903 655 1986 viteque
671 1903 829 1965 novissima
842 1917 946 1966 nostre
1109 1905 1152 1967 85

185 2074 190 2086 ι
223 1998 415 2081 Persequitur
430 1997 491 2075 sati,
507 2000 556 2082 qui
572 1999 625 2061 fuit
639 2000 719 2082 ente,
733 2013 828 2061 tenor.

181 2093 299 2171 Oepidit
313 2094 566 2179 intemas'oonjux
581 2108 725 2160 mactatus
739 2096 775 2157 ad
791 2116 873 2159 aras:

163 2213 171 2226 ,.
224 2190 265 2276 nt
280 2192 398 2254 sceleris
412 2192 484 2255 tanti
499 2192 617 2275 premia
631 2190 720 2254 fiater
732 2191 832 2255 habet.

181 2287 277 2351 Exsul
292 2311 363 2371 agor
371 2310 379 2365 3
400 2290 573 2372 cineresque
588 2289 651 2366 viri,
667 2289 849 2373 patriamque
864 2290 1014 2373 relinquo:

224 2384 266 2447 Et
281 2385 355 2465 seror
369 2387 396 2447 in
414 2387 509 2461 durae,
525 2388 609 2447 hoste
624 2394 779 2468 sequente,
794 2388 866 2449 vias.
1111 2390 1155 2452 90

182 2480 326 2563 Applicor
339 2482 461 2563 ignotis:
485 2481 622 2564 fratrique
637 2482 739 2565 elapsa
751 2481 897 2567 fretoque,

223 2576 316 2650 Quod
331 2578 382 2639 tibi
398 2578 513 2653 donavi,
529 2578 649 2660 perfide,
665 2578 745 2640 littus
759 2576 838 2641 emo.

181 2671 294 2734 Urbem
308 2672 463 2751 constitui;
485 2674 602 2757 latique
618 2675 748 2757 patentia
762 2676 814 2737 fixi

116 2769 119 2775 ’
224 2768 349 2847 Moenia,
364 2772 491 2832 finitimis
506 2771 646 2833 invidiosa
660 2771 744 2834 loeis.

181 2864 267 2927 Bella
282 2879 414 2928 tument:
437 2867 522 2953 bellis
537 2868 690 2949 peregrina
703 2883 734 2930 et
748 2868 869 2930 foemine
883 2882 994 2931 tentor:
1112 2872 1154 2933 95

225 2960 347 3045 Vixque
361 2962 448 3023 rudes
463 2978 562 3044 portes
576 2965 664 3039 urbis,
679 2978 711 3024 et
724 2985 813 3039 arma,
830 2986 913 3047 pero.

181 3056 266 3142 Mille
282 3059 377 3140 procis
393 3058 507 3141 placui:
531 3060 580 3142 qui
594 3081 643 3135 me
657 3060 768 3135 coiere,
784 3074 950 3142 querentes

224 3153 335 3217 Nescio
350 3174 438 3237 quern
453 3154 587 3217 thalamis
602 3156 793 3238 preposuisse
807 3156 879 3218 suis.

183 3248 266 3323 Quid
282 3251 395 3313 dubitas
410 3251 539 3313 vinctam
555 3251 675 3314 Gaetul'o
688 3254 803 3315 tradere
819 3251 931 3320 ltrbaet

226 3347 406 3410 Praebuerim
420 3350 522 3411 sceleri
537 3348 655 3411 brachia
669 3364 769 3412 nostra
782 3364 842 3412 tuo.
1094 3355 1155 3415 100

183 3442 238 3505 Est
253 3444 342 3505 etiam
357 3443 461 3521 fratem
483 3444 567 3528 cujus
582 3467 687 3508 manus
701 3446 792 3529 impia
807 3446 900 3530 possit

226 3538 373 3623 Respergi
388 3555 497 3619 nostro,
513 3552 612 3625 sparsa
631 3563 734 3604 eruore
750 3542 812 3604 viri.
