2634 4259
543 378 651 431 LIBER
666 375 712 431 tv.

138 522 207 587 Heu
222 526 287 589 sola
300 540 431 621 poteras,
446 529 555 611 po'teris
569 550 625 592 neo
638 542 733 592 morte
748 526 860 593 revelli.

133 621 204 688 ¹Hoc
219 636 322 686 tamen
337 618 491 689 amborum
506 627 601 688 verbis
613 640 708 689 estote
722 628 825 709 rogati,

138 718 166 779 0
180 706 310 782 multum
315 721 434 799 miseri,
448 744 532 785 meus
550 724 694 807 illiusque,
710 737 857 806 parentes,

137 811 179 877 Ut
181 838 283 899 ,quos
297 831 395 880 certus
410 840 501 896 amor,
517 841 589 903 quos
604 820 676 882 hora
689 820 846 884 novissima
850 819 965 907 Junrtit¹
1071 821 1116 883 85

138 910 291 996 Componi
305 914 419 1007 tumulo
433 937 492 978 non
506 915 662 979 invideatis
670 913 794 979 eodem.
1084 939 1086 942 ·

138 1010 179 1071 At
192 1022 237 1088 tu,
256 1032 321 1104 que
336 1000 423 1073 ramis
439 1013 524 1075 arbor
536 1013 701 1077 miserabile
715 1034 822 1107 eorpus

139 1104 227 1169 Nunc
242 1107 320 1188 tegis
334 1108 430 1185 unius,
445 1130 517 1171 mox
531 1130 563 1189 es
579 1122 692 1173 tectura
706 1110 848 1187 duorum3

139 1202 228 1285 Signa
243 1216 315 1266 tene
324 1204 433 1267 eaedis:
457 1206 622 1317 pullosque,
637 1220 667 1268 et
681 1206 807 1270 luctibus
821 1220 906 1291 aptos
980 1230 984 1235 ·

140 1298 270 1395 Semper
283 1301 360 1367 habe
375 1300 473 1381 soetus,
488 1304 598 1385 gemini
613 1318 805 1367 monumenta
818 1303 951 1372 cruore?
1072 1307 1115 1369 90

140 1378 244 1459 Dixit:
270 1410 300 1459 et
315 1411 415 1480 aptato
429 1412 533 1490 pectus
548 1420 689 1469 mucrone
703 1400 780 1462 sub
773 1422 865 1463 rmum

43 1512 47 1519 ’
141 1491 279 1557 Incubuit
294 1493 389 1571 serro3
412 1484 490 1579 quod
506 1495 603 1559 adhue
618 1518 636 1559 a
649 1496 730 1561 eade
744 1497 875 1580 tepebat.

183 1589 266 1653 Vota
281 1606 380 1655 tamen
395 1592 518 1674 tetigere
534 1592 616 1670 deos,
630 1593 756 1675 tetigere
769 1608 921 1676 parentes:

142 1684 220 1749 Nam
235 1688 338 1751 color
330 1710 360 1751 m
375 1708 464 1771 pomo
479 1703 535 1766 est,
550 1690 599 1752 ubi
604 1690 818 1807 permaturuit,
833 1705 913 1755 ater·

142 1781 295 1870 Quodque
309 1785 387 1867 rogis
401 1799 546 1869 superest,
559 1786 621 1851 unit
634 1787 792 1870 requiescit
805 1788 835 1850 in
846 1810 933 1850 urna.

1072 1788 1115 1853 95

305 2036 363 2079 ruo
384 2038 427 2079 ur
449 2036 636 2079 ιιιιιιοιιιιι
657 2036 694 2078 ιιι
714 2036 797 2079 uros
819 2024 952 2078 mortar.

568 2220 600 2261 r.
615 2202 690 2264 416.

143 2366 223 2431 Tum
239 2369 311 2431 verb
325 2369 393 2432 totis
406 2368 522 2433 Bacchi
535 2371 725 2434 memorabile
738 2370 853 2433 'Ilrebis

145 2462 265 2529 Numen
280 2479 360 2543 erat3
381 2487 560 2550 magnasque
575 2467 644 2529 novi
658 2479 814 2529 matertera
828 2467 904 2529 vires

145 2559 250 2626 Narrat
264 2564 374 2647 ubique
390 2562 454 2626 dei:
478 2562 515 2626 de
529 2577 631 2647 totque
647 2563 790 2627 sororibus
805 2585 915 2647 expers

145 2657 214 2723 Una
228 2660 334 2722 doloris
349 2674 421 2737 erat,
436 2660 490 2724 nisi
506 2682 594 2744 quem
609 2659 708 2723 secere
723 2680 850 2724 sorores.¹

171 2772 173 2777 '
187 2757 324 2841 Adspicit
339 2757 416 2821 harre
430 2752 515 2833 ostie,
530 2758 718 2841 thalamoque
733 2758 921 2821 Athamantis
935 2745 1096 2820 habentem

146 2853 292 2917 Sublimes
306 2854 427 2931 animos,
442 2868 472 2918 et
487 2854 606 2917 alumno
620 2855 753 2930 numine,
767 2852 866 2929 Jnno;
1055 2859 1113 2917 101

147 2942 211 3015 Nee
225 2952 308 3015 tulit:
332 2966 362 3015 et
376 2973 489 3027 secum,
504 2950 624 3013 ‘Potuit
638 2952 676 3012 de
690 2951 797 3051 pellioe
811 2964 897 3011 natus

147 3046 271 3113 Vertere
286 3048 440 3125 Maeonios,
454 3047 642 3131 pelagoque
633 3067 818 3129 rmmergere‚
833 3060 946 3123 nautas,

146 3144 186 3208 Et
200 3146 356 3210 laceranda
370 3168 429 3208 suae
444 3144 505 3207 nati
521 3144 632 3207 dare
605 3164 717 3207 viscera
730 3144 825 3220 matri,

38 3300 40 3303 .
146 3242 186 3306 Ει
200 3244 329 3326 triplices
344 3244 458 3326 operire
473 3242 556 3305 noris¹
571 3240 742 3325 Minyeidas
757 3242 826 3304 alis:
1058 3245 1119 3305 105

146 3339 196 3403 Nil
211 3342 319 3424 poterit
333 3338 423 3418 June,
438 3341 493 3404 nisi
507 3340 613 3405 inultos
628 3339 700 3402 flere
715 3339 851 3403 dolores?
1120 3340 1126 3349 ⁴

146 3437 240 3521 quue
255 3439 326 3508 mihi
342 3438 411 3501 satis
426 3440 491 3501 est?
513 3438 575 3513 hee
590 3458 649 3499 una
664 3437 796 3519 potentia
808 3450 907 3498 nostra
925 3438 990 3498 est?

147 3534 215 3619 lpse
232 3535 320 3598 docet
333 3536 405 3619 quid
419 3556 523 3617 agamq
548 3533 605 3620 (fas
620 3547 665 3596 est
680 3547 711 3597 et
721 3534 762 3596 'ab
776 3534 861 3596 hoste
875 3531 988 3617 doceri)

1050 1768 1066 1797 ‚
1161 1772 1169 1775 .
