2634 4259
56 450 60 457 .
158 409 202 470 44
478 408 827 467 MurAMonrflosuou
922 455 925 458 ,

159 560 313 633 Demodit
329 559 428 643 viginti
444 559 503 645 (tot
517 559 595 621 enim
609 558 678 620 ratis
691 556 741 620 illa
756 554 882 642 ferebat)

159 654 321 721 Restaber'n
335 658 424 745 solus.
467 656 626 731 Pavidum,
638 655 828 737 gelidumque
842 654 978 720 trementi

159 752 304 837 Corpore,
319 754 428 837 vixque
442 774 543 831 meum
556 752 651 813 firmet
665 752 749 829 deus,
764 750 945 827 “Excute''
961 750 1074 826 dicens,
1102 760 1108 775 ⁴

59 854 60 859 ’
121 907 123 910 .
160 850 289 914 “Corde
304 865 427 926 metum,
442 849 592 932 Diamque
607 847 709 909 teue.''
753 846 924 910 Delatusiu
937 846 1028 922 illem,

47 1022 49 1025 ¹
110 1035 113 1041 Ι
158 948 303 1011 Accensis
317 946 382 1025 aris,
395 946 548 1011 Baccheia
561 966 643 1007 sacre
656 944 845 1029 frequento'.
1065 944 1129 1005 275

502 1390 520 1427 ·
532 1461 671 1530 LIBER
698 1463 762 1528 IV.'
852 1462 856 1469 ’

415 1678 534 1723 nmini
556 1664 598 1722 nr
620 1677 757 1721 unisone
779 1677 889 1721 nonen

493 1870 496 1875 ·
595 1862 625 1903 v.
641 1842 694 1903 55.
788 1921 793 1927 .

160 2006 308 2095 Pyramus
322 2024 353 2075 et
367 2010 491 2088 Thisbe,
502 2006 646 2094 juvenum
660 2010 873 2094 pulcherrimus
887 2010 971 2087 ulter,

161 2107 275 2184 Altera,
291 2127 362 2191 ques
377 2102 485 2169 Oriens
500 2108 612 2183 hebuit,
627 2106 747 2189 praelata
759 2106 875 2188 puellis,
962 2105 965 2109 ⁴

161 2204 324 2285 Contigues
338 2203 460 2271 tenuere
476 2202 598 2264 domos:
621 2202 671 2263 ubi
685 2201 790 2265 dicitur
804 2202 893 2265 altum

162 2300 325 2365 Coctilibus
339 2298 569 2362 muriscinxisse
583 2297 754 2361 Semiramis
767 2299 881 2361 urbem.

161 2396 314 2473 Notitiam,
330 2396 498 2479 primosque
512 2395 618 2477 gredus
633 2394 739 2457 vicinia
753 2394 839 2457 iecit:
1092 2461 1095 2465 Α
1108 2398 1131 2458 5

160 2494 312 2577 Tempore
327 2493 420 2556 erevit
434 2513 531 2555 emor:
555 2492 636 2555 taedae
651 2513 768 2576 quoque
779 2491 846 2576 jure
860 2489 1006 2570 coissent3
1111 2510 1117 2521 ·

159 2590 222 2654 Sed
238 2590 358 2653 vetuere
373 2602 481 2673 potres,
497 2589 575 2671 quod
589 2610 648 2651 non
663 2590 786 2672 potuere
801 2602 912 2651 vetare.

203 2686 306 2749 Fissus
321 2700 384 2748 eret
397 2685 479 2747 tenui
493 2685 577 2762 rimi,
593 2707 681 2769 quam
696 2686 820 2749 duxerat
838 2686 918 2763 olim,

161 2783 242 2848 Cum
255 2784 337 2847 fieret
351 2783 447 2867 peries
460 2782 560 2845 domui
572 2783 736 2845 communis
750 2783 875 2867 utrique.

160 2880 195 2942 Id
210 2881 315 2943 vitium
329 2880 400 2942 nulli
415 2901 469 2963 per
482 2879 592 2943 saecula
606 2880 694 2962 longa
708 2894 851 2957 notatum,
1091 2884 1131 2943 10
1227 2886 1233 2897 ‘

140 3036 142 3039 ,
163 2977 263 3065 (Quid
276 3000 336 3041 non
350 2978 438 3041 sentit
453 2976 570 3063 emori)
593 2976 680 3061 primi
693 2978 821 3040 sensistis
835 2991 977 3040 ementes.

160 3074 202 3141 Et
217 3076 282 3147 voci
296 3074 402 3138 fecistis
417 3076 482 3138 iter.
526 3074 608 3137 Tum
622 3096 770 3138 munuure
785 3096 877 3160 parvo

160 3170 258 3233 Multa
273 3172 352 3254 prius
367 3172 473 3255 questi,
488 3177 629 3247 statuunt,
645 3186 677 3233 ut
691 3187 779 3234 nocte
792 3171 888 3234 silenti
1093 3244 1097 3251 θ

160 3268 278 3331 Fallere
292 3268 439 3344 custodes,
455 3266 621 3350 foribusque
637 3268 785 3330 excedere
799 3280 924 3329 tentent.
1014 3307 1017 3310 ,

160 3363 300 3448 Cimque
316 3365 405 3427 domo
419 3364 554 3441 exierint,
569 3363 646 3427 urbis
661 3364 919 3447 quoqueelaustm
932 3365 1114 3447 relinquant:

161 3460 191 3523 N
193 3482 249 3523 eve
264 3462 300 3524 sit
314 3462 470 3524 errandum
484 3462 545 3523 leto
559 3460 751 3544 spatiantibus
765 3482 847 3538 ervo,
1092 3464 1130 3523 16

137 3590 138 3595 ¹
162 3557 350 3622 Conveniunt
365 3558 402 3620 ad
414 3558 501 3620 busta
515 3556 605 3620 Nini:
628 3558 796 3641 lateantque
810 3558 866 3619 sub
879 3556 983 3621 umbri
