2634 4259
183 354 226 417 at
269 440 274 447 '
468 345 846 413 'uerrucaruosnon

182 509 253 575 Non
268 525 368 575 tamen
383 508 508 593 ignifero
521 512 677 596 quisquam
690 512 851 575 consistere
865 511 896 573 in
911 532 971 574 axe

182 605 238 671 Me
254 609 333 671 valet
347 621 489 692 excepto.
535 607 621 672 Vasti
636 630 757 692 quoque
770 622 867 671 rector
880 607 1019 693 Olympi,

183 702 248 777 Qui
263 703 325 767 sera
339 705 460 768 terribili
469 703 618 791 jaculatur
631 704 885 782 litlrninadextria,
1120 708 1166 771 60

182 799 252 865 Non
268 815 335 884 agat
349 802 404 865 hos
418 823 537 865 currus:
561 815 592 865 et
607 801 679 886 quid
692 801 771 865 Jove
786 801 881 887 majus
896 802 1063 867 babemus?

181 897 287 962 Ardua
301 899 396 983 prima
410 900 458 963 via
472 913 538 962 est:
562 912 593 961 et
608 898 669 984 quit
683 900 736 962 vix
749 901 837 963 mane
855 912 991 963 recentes

182 994 341 1058 Enitantur
355 996 442 1081 equi:
464 994 565 1059 medio
579 1010 625 1058 est
639 996 779 1059 altissima
793 998 890 1074 ooelo;

181 1091 274 1155 Unde
288 1114 370 1156 mare
385 1107 416 1156 et
430 1107 521 1157 terras
535 1093 591 1177 ipsi
606 1093 678 1156 mibi
693 1114 772 1178 sepo
787 1094 888 1159 videre

182 1188 235 1253 Fit
249 1190 346 1267 timor,
361 1204 392 1253 et
406 1190 516 1274 pavidi
530 1190 657 1280 trepidat
672 1188 826 1254 formidine
841 1205 959 1276 pectus.

182 1286 297 1351 Ultima
312 1309 405 1372 prona
420 1288 467 1351 via
481 1301 544 1366 est3
566 1301 597 1350 et
612 1302 682 1371 eget
694 1288 896 1360 moderamine
911 1301 1004 1352 certo.

180 1382 270 1449 'liure
285 1386 385 1462 etiam,
403 1382 469 1469 que
484 1406 533 1449 me
547 1385 688 1471 subjectis
703 1386 816 1471 excipit
829 1379 945 1463 undis,'
969 1381 972 1385 ’

182 1479 232 1545 Ne
247 1481 323 1545 ferar
336 1483 366 1545 in
381 1504 524 1573 preceps,
539 1482 658 1566 Tethys
674 1483 749 1546 solet
764 1483 829 1568 ipsa
842 1484 949 1546 vereri.
1057 1520 1060 1526 ‚

181 1578 286 1659 Adde,
299 1578 378 1662 qubd
393 1576 518 1642 adsiduis
531 1580 643 1663 rapitur
657 1580 799 1662 vertigine
814 1581 948 1657 coelum;

181 1675 343 1759 Sideraque
359 1676 419 1739 alta
432 1676 531 1753 trahit,
545 1676 695 1761 celerique
711 1676 861 1739 volumine
875 1689 1004 1761 torquet.

143 1771 269 1844 xNitor
283 1774 312 1835 in
327 1773 502 1837 adversum:
525 1794 582 1837 nec
597 1794 658 1852 rne,
674 1774 724 1859 qui
737 1787 855 1851 cetera,
871 1774 962 1837 vincit

181 1869 332 1955 Impetus:
356 1884 387 1933 et
400 1870 503 1954 rapido
517 1870 679 1934 contrarius
693 1871 805 1935 evehor
818 1871 893 1933 orbi.
919 1873 932 1918 ·'

180 1966 278 2050 Finge
294 1968 377 2031 datos
390 1989 503 2031 currus.
548 1966 634 2043 Quid
653 1970 747 2053 agas?
769 1968 917 2053 poterisne
931 1967 1033 2031 rotatis
1141 1984 1150 1998 ·

181 2064 297 2128 Obvius
311 2066 353 2128 ire
368 2066 455 2149 polis,
469 2086 507 2128 ne
523 2080 552 2150 te
567 2066 644 2129 citus
658 2064 772 2129 auferat
785 2067 871 2128 axis?

180 2160 318 2225 Forsitan
332 2175 363 2224 et
376 2161 459 2224 lucos
474 2161 544 2238 illic,
559 2162 718 2245 urbesque,
731 2161 897 2247 domosque

181 2258 343 2343 Concipias
357 2257 472 2321 annno:
494 2247 675 2343 delubraque
691 2258 762 2321 ditia
777 2258 861 2321 donis
947 2336 951 2338 Α

180 2355 269 2423 Esse.
313 2354 375 2418 Per
389 2354 507 2418 insidias
521 2354 577 2418 iter
591 2368 646 2434 est,
662 2354 829 2439 formasque
848 2354 986 2418 ferarum.

179 2452 283 2538 thue
298 2453 377 2515 darn
391 2466 504 2530 teneas,
518 2452 661 2536 nulloque
675 2473 771 2515 errore
786 2453 927 2530 uabaris3

181 2549 243 2612 Per
256 2564 356 2613 tamen
370 2546 491 2629 adversi
501 2548 640 2633 gradieris
654 2570 766 2611 cornua
779 2548 882 2626 Tauri,

157 2646 411 2730 ·Haemoniosque
427 2658 528 2724 arcus,
538 2644 720 2729 violentique
734 2667 786 2708 ora
798 2645 921 2723 Leonis,

180 2745 324 2828 Saevaque
339 2743 462 2807 circuitu
476 2744 650 2805 curvantem
664 2742 785 2805 brachia
797 2743 888 2824 longo
938 2809 941 2814 ⁴

180 2842 335 2926 Scorpion,
350 2855 439 2925 atque
454 2840 538 2903 aliter
551 2852 723 2902 curvantem
738 2839 858 2901 brachia
873 2836 1036 2901 Caucnun.

181 2938 212 3003 N
214 2960 249 3003 ec
264 2939 316 3003 tibi
332 2938 537 3025 quadrupedes
552 2936 699 3000 animosos
713 2936 827 3019 ignibus
841 2936 907 3013 illis,

181 3036 270 3111 Quos
284 3037 315 3099 in
330 3049 451 3121 pectore
465 3035 586 3113 habent,
602 3056 676 3119 quos
690 3056 741 3098 ore
756 3048 788 3097 et
801 3032 917 3097 naribus
931 3032 1044 3111 efflant,

181 3133 216 3197 ln
231 3148 369 3217 promptu
385 3153 488 3215 regere
503 3147 559 3195 est.
604 3131 668 3194 Vix
682 3152 732 3194 me
747 3132 906 3215 patiuntur,
919 3144 953 3193 ut
966 3152 1049 3195 acres
1115 3132 1158 3195 85

180 3228 334 3295 incaluere
349 3230 456 3305 animi3
479 3230 642 3312 cervixque
656 3241 802 3312 repugnat
816 3228 950 3291 habenis.

180 3327 282 3405 Actu,
296 3326 403 3389 fimesti
418 3348 456 3388 ne
471 3328 525 3389 sim
540 3325 592 3400 tibi
606 3325 735 3387 muneris
749 3338 861 3402 auctor,

181 3424 272 3503 Nate,
286 3444 378 3488 cave:
402 3422 474 3485 dum
487 3442 593 3508 resque
608 3422 686 3499 sinit,
700 3435 752 3484 tua
765 3422 877 3505 corrige
893 3434 972 3485 vota.

181 3522 311 3600 Scilicet,
326 3535 359 3584 ut
372 3534 471 3583 nostro
485 3521 618 3605 genitum
632 3533 663 3581 te
677 3519 820 3602 sanguine
833 3520 947 3594 credas,
