2634 4259
606 380 715 433 ulnus
730 379 752 431 1.

472 658 660 701 DEUCALION
682 658 725 700 H
747 655 888 700 smnus.

620 852 650 893 u.
666 831 741 893 348.

231 1011 381 1077 Redditus
395 1011 473 1075 orbis
487 1023 560 1073 erat.
605 1007 708 1085 Quem
724 1024 882 1095 postquem
896 1008 969 1073 vidit
984 1009 1114 1086 manem,

191 1108 232 1175 Et
246 1108 393 1174 desolatas
408 1128 496 1191 agere
511 1107 571 1171 alta
585 1107 702 1171 silentia
715 1120 816 1185 terras,
1002 1137 1007 1148 ·

190 1206 368 1282 Deucalion,
383 1198 521 1288 lacrymis
535 1204 576 1267 ita
590 1201 738 1288 Pyrrham
753 1203 859 1267 affatur
871 1202 997 1267 obortis:
1103 1204 1168 1266 350

190 1303 238 1365 ‘O
252 1324 343 1379 soror,
357 1323 377 1363 o
389 1300 510 1386 conjux,
525 1322 545 1365 o
559 1300 681 1365 foemina
695 1301 758 1363 sola
770 1294 930 1384 superstes,

190 1397 293 1473 Quam
308 1418 466 1461 commuue
480 1397 553 1461 mihi
566 1419 673 1481 genus,
686 1411 718 1460 et
731 1397 871 1481 patnrelis
885 1396 977 1478 origo,

189 1494 310 1560 Deinde
320 1509 403 1579 torus
413 1493 531 1579 junxit3
554 1516 632 1557 nunc
647 1495 712 1578 ipsa
724 1493 856 1577 pericula
864 1492 1010 1578 jungunt:

188 1591 360 1670 Terrarum,
375 1611 565 1676 quascunque
581 1591 682 1654 vident
695 1611 817 1655 occasus
832 1605 864 1654 et
877 1603 968 1669 ortus,

189 1686 254 1752 Nos
269 1689 328 1751 duo
342 1690 427 1751 turba
440 1710 551 1751 sumus.
596 1686 734 1751 Possedit
747 1702 855 1751 cetera
868 1700 986 1771 pontiu.
1031 1766 1036 1773 ί
1064 1740 1068 1747 ,
1103 1690 1168 1751 355

190 1784 280 1849 Nunc
295 1806 412 1870 quoque
428 1786 525 1860 adbuc
539 1786 605 1849 uitae
619 1808 679 1847 nou
694 1800 738 1849 est
752 1785 861 1847 fiducia
873 1798 979 1849 nostre

190 1880 284 1945 Certa
298 1881 385 1945 satis:
407 1894 518 1945 terrent
532 1882 693 1943 etiamnum
707 1881 809 1943 nubila
822 1896 963 1952 mentem.

190 1977 275 2052 Quid
290 1978 353 2055 tibi,
368 1978 393 2041 si
408 1977 471 2039 sine
485 1998 535 2039 me
550 1976 615 2039 satis
630 1990 734 2061 erepta
748 1977 862 2055 fuisses,

190 2072 280 2138 Nunc
296 2074 396 2152 animi,
411 2074 588 2151 miseranda,
602 2072 700 2137 soret?
721 2096 782 2159 quo
794 2074 857 2138 sola
871 2074 1007 2138 timorem

188 2169 282 2234 Ferre
295 2170 386 2233 modo
400 2192 502 2255 posses
511 2172 528 2234 i·
545 2192 605 2255 quo
618 2172 789 2235 consolante
804 2172 939 2236 doleres?
1102 2174 1167 2237 360

188 2266 329 2352 Namque
345 2288 401 2350 ego
417 2266 520 2354 (crede
535 2266 634 2355 mihi,)
651 2268 677 2331 si
690 2282 721 2332 te
735 2270 828 2333 modi>
841 2284 949 2353 pontus
964 2269 1098 2349 haberet,

187 2363 237 2428 Te
252 2385 402 2448 sequerer,
416 2364 544 2449 conjux:
567 2378 598 2431 et
611 2386 662 2428 me
677 2388 794 2450 quoque
809 2380 916 2450 pontus
931 2367 1064 2431 haberet.

187 2460 218 2524 O
232 2460 345 2523 utinam
359 2462 469 2544 possim
485 2462 611 2545 populos
625 2483 761 2546 reparare
780 2464 908 2547 paternis

186 2559 327 2635 Artibus3
350 2570 438 2643 atque
453 2558 565 2623 animas
579 2558 710 2623 sonnatae
723 2558 876 2624 infiindere
890 2563 992 2625 terre!

187 2653 276 2718 Nunc
290 2676 383 2738 genus
397 2656 427 2717 in
442 2656 525 2718 nobis
539 2670 630 2719 restat
643 2658 767 2720 mortale
782 2657 908 2737 duobus,
1099 2661 1164 2724 365

82 2838 84 2841 Ι
188 2751 254 2839 (Sic
268 2752 363 2815 visum
377 2750 504 2839 superis)
520 2754 733 2838 hominumque
747 2756 889 2839 exempla
903 2756 1080 2821 manemus!

227 2848 366 2927 Dixerat,
381 2863 412 2911 et
426 2850 548 2915 flebant.
592 2850 710 2915 Placuit
724 2854 848 2916 coeleste
862 2853 977 2938 precari

185 2944 317 3023 Numen,
333 2959 363 3009 et
377 2946 519 3009 arixilium
533 2969 588 3032 per
601 2968 698 3011 sacras
713 2970 842 3033 quarere
857 2964 961 3014 sortes.
1087 2947 1090 2953 ’

185 3040 276 3105 Nulla
291 3064 372 3109 mora
386 3056 449 3120 est;
470 3042 580 3106 adeunt
593 3043 702 3128 pariter
716 3043 894 3129 Cephisidas
909 3047 1015 3127 undas,

185 3137 229 3202 Ut
241 3139 374 3203 nondum
388 3140 522 3225 liquidas,
537 3140 579 3203 sic
590 3139 654 3225 jam
669 3141 745 3205 vada
759 3156 830 3207 nota
842 3140 988 3209 sedantes.
1099 3150 1163 3211 370

185 3234 259 3299 Inde
275 3236 325 3299 ubi
339 3237 443 3300 libatos
459 3238 618 3301 irmravbre
634 3238 761 3323 liquores

187 3332 328 3396 Vestibus
343 3347 374 3396 et
386 3334 494 3417 capiti3
516 3334 640 3399 flectunt
654 3336 777 3419 vestigia
790 3352 897 3402 sanctae

186 3430 237 3493 Ad
252 3430 373 3493 delubra
386 3431 466 3495 deae:
490 3453 616 3516 quorum
631 3432 748 3516 fastigia
760 3435 838 3518 turpi

186 3526 367 3611 Squalebant
380 3550 502 3608 musco;
523 3531 698 3614 stabantque
714 3531 778 3594 sine
792 3532 907 3615 ignibus
923 3552 989 3595 are.

450 3628 472 3688 2
