2634 4259
459 410 547 469 ω.
570 410 613 461 rv.
633 372 785 460 ‘annom
801 409 834 459 x.
918 406 922 411 ·
1084 400 1145 461 183

174 548 208 609 Si
221 562 322 611 tamen
336 550 487 615 exstinctis
502 553 621 635 aliquid,
635 553 696 615 nisi.
705 553 833 629 nomina,
848 565 949 629 restat,
997 590 1003 600 ·
1103 555 1146 615 85

217 643 258 706 Et
272 646 385 726 gracilis
400 661 524 710 structos
540 651 642 731 effugit
656 651 760 722 umbra
774 671 860 731 rogos
870 667 895 725 ;‘
1033 639 1036 647 ¹

109 799 118 813 ,
171 740 279 819 Fama,
296 745 470 825 parentales,
485 746 510 807 si
525 768 576 807 vos
591 751 664 809 mea
672 747 804 827 contigit,
819 747 946 821 umbrae3
980 741 989 757 ’

212 838 257 900 'Et
271 853 339 901 sunt
353 841 382 901 in
398 841 502 923 Stygio
516 843 639 904 crimina
653 844 752 906 nostra
765 842 846 919 som5
1008 851 1011 857 '

173 933 265 1011 Scite,
281 958 395 1018 precor,
409 959 527 1001 causam
544 938 614 1023 (nec
630 960 683 1001 vos
697 940 768 1015 mihi
782 936 883 1003 'fallere
898 939 941 1002 fas
955 938 1015 1024 est)

214 1030 354 1093 Errorem
366 1033 464 1117 jussa,
480 1056 539 1097 non
554 1036 660 1121 scelus,
677 1056 741 1101 esse
758 1036 845 1117 fuge.
986 1089 990 1097 .
1105 1031 1149 1101 90
1231 1043 1235 1052 '

173 1126 312 1216 Manibus
327 1130 356 1194 id
370 1134 439 1197 satis
454 1148 509 1197 est.
553 1135 604 1197 Ad
620 1155 672 1214 vos¹
686 1136 815 1210 studiosa
828 1150 958 1199 revertor
998 1158 1001 1162 ’
1035 1168 1040 1172 -

215 1224 351 1305 Pectora,
367 1230 416 1312 qui
431 1230 496 1292 vite
513 1231 637 1314 quaeritis
652 1246 719 1294 acta
733 1254 818 1296 meae.

173 1318 241 1384 Jam
255 1325 327 1386 mihi
341 1327 471 1402 canities,
487 1328 577 1410 pulsis
591 1329 760 1391 melioribus
774 1330 867 1406 annis,

182 1483 190 1499 K
216 1418 347 1484 Venerat
357 1444 365 1498 3
387 1424 519 1507 antiquas
534 1425 749 1507 miscueratque
767 1447 887 1489 comas:

173 1514 305 1599 Postque
319 1539 401 1580 meos
416 1531 496 1581 ortus
511 1518 608 1583 Pisaet
623 1522 738 1583 vinctus
752 1521 832 1583 olivis

214 1613 387 1676 Abstulerat
401 1615 499 1678 decies
514 1617 633 1700 praemia
648 1618 742 1680 victor
755 1640 867 1701 equus;

172 1710 253 1772 Ciam
268 1710 355 1773 maris
370 1711 481 1773 Euxini
497 1713 605 1795 positos
621 1715 659 1775 ad
674 1715 748 1776 laeva
762 1714 897 1778 Tomitas

215 1805 359 1881 Quaerere
375 1829 423 1870 me
437 1808 496 1871 laesi
512 1799 715 1893 Principis'ira
725 1810 822 1895 jubet.

173 1902 274 1965 Causa
288 1911 361 1966 ineae
376 1905 489 1967 cunctis
504 1906 625 1967 nimiiu'n
641 1927 759 1989 quoque
774 1921 843 1969 nota
853 1908 945 1972 'ruiuae
970 1924 979 1929 ’
1151 1979 1154 1983 ,

214 1998 328 2063 Indicio
341 2023 401 2062 non
414 2014 461 2074 ‘est
473 2002 657 2063 testificanda
671 2024 750 2065 meo.
824 2062 829 2071 ,
998 2078 1005 2084 ,
1085 2011 1148 2070 100

173 2094 257 2170 Quid
267 2096 392 2161 reseram
405 2098 606 2181 comitumque
621 2097 716 2177 nefas5
730 2097 913 2184 famulosque
927 2106 1090 2166 nocentes?
1166 2135 1171 2139 ·

214 2191 285 2275 lpsb
300 2195 392 2257 multa
406 2195 459 2257 tuii
473 2216 533 2257 non
548 2195 659 2257 leviora
672 2196 753 2278 firgri.

96 2312 106 2329 ·
172 2288 328 2372 Indignata
341 2290 425 2354 malis
439 2312 522 2353 mens
538 2305 583 2353 est
597 2292 809 2369 succumbere;
830 2313 936 2374 seque,

214 2386 352 2448 Praestitit
367 2387 506 2459 invictam
521 2388 629 2448 viribus
642 2409 698 2449 usa
710 2387 789 2449 suis:

172 2480 350 2565 Obbtusque
365 2496 451 2563 togae,
466 2482 620 2565 ductaeque
635 2504 690 2566 per
703 2483 764 2544 otia
778 2483 855 2561 vitre,
1085 2490 1146 2549 105

214 2578 336 2640 Insolitit
348 2578 416 2661 cepi
431 2577 571 2661 temporis
582 2582 668 2641 'arma
681 2600 782 2642 manu.
888 2598 891 2602 ·

171 2672 292 2758 Totque
306 2676 360 2737 tuli
375 2675 452 2737 terni
466 2696 551 2737 casus
566 2676 750 2759 pelagoque;
772 2690 843 2759 quot
857 2662 933 2740 inter

214 2771 376 2861 Occultum
391 2772 482 2834 stelle
497 2773 750 2856 conspicuumque
764 2764 877 2855 poium.

172 2868 270 2931 Tacta
283 2869 354 2930 mihi
368 2869 487 2930 tandem
501 2869 594 2949 longis
609 2870 753 2930 erroribus
767 2883 835 2931 acto

104 2992 108 2997 ·
214 2965 323 3027 Juncta
338 2964 511 3048 pharetratis
526 2964 667 3026 Sannatis
681 2985 732 3026 ora
750 2964 846 3027 Getis.
1085 2972 1147 3033 110
1230 2998 1234 3004 ·

173 3060 234 3124 Hic
248 3083 315 3143 ego,
329 3061 456 3123 finitimis
472 3060 604 3143 quamvis
618 3060 816 3121 circumsoner
829 3062 924 3138 armis,
963 3124 966 3132 ,

215 3156 334 3233 Tristia,
350 3178 408 3240 quo
422 3177 553 3239 possum,
569 3157 702 3219 carmine·
713 3155 772 3219 sata
785 3156 864 3219 levo.

163 3252 278 3331 Quod,
295 3254 426 3336 quamvis
441 3267 599 3329 nemoest,
613 3252 697 3336 cujus
711 3252 853 3315 reseratum
866 3254 904 3315 ad
919 3274 1004 3318 aures

216 3351 266 3413 Sic
282 3364 381 3412 tamen
396 3350 518 3413 absumo
532 3350 708 3432 decipioque
724 3350 813 3412 diem.
1188 3398 1193 3402 .

173 3446 267 3528 Ergo,
282 3446 362 3529 qubd
377 3447 456 3521 viro,
472 3446 609 3529 durisque
624 3447 770 3507 laboribus
785 3446 880 3524 obsto,
998 3450 1001 3457 ’
1086 3454 1148 3514 115

218 3540 286 3605 Nec
300 3564 349 3605 me
363 3543 492 3605 sollicitae
507 3542 592 3604 taedia
606 3542 679 3605 lucis
695 3542 828 3619 habeut,-
