2634 4259
204 396 267 459 108
522 392 872 451 unrauonrnosaort

200 549 334 614 Festinat
348 563 462 613 vestes:
482 546 544 634 jam
560 570 643 633 quas,
656 548 707 610 ubi
721 546 834 609 venerit
848 544 908 621 ille,

200 742 347 805 Omnibus
361 743 409 807 illa
424 743 544 826 quidem
559 741 674 825 superis
688 740 738 823 pia
753 740 838 801 thura
852 736 981 800 ferebat:

200 840 282 901 Ante
296 853 395 902 tamen
410 853 532 903 cunctos
546 838 672 900 Junonis
683 836 794 919 templa
802 835 937 898 colebat:

200 935 320 1019 Proque
336 936 407 1013 viro,
424 936 474 1019 qui
489 934 584 997 nullus
600 947 673 1010 erat,
688 932 825 994 veniebat
840 931 878 993 ad
892 950 967 992 aras.

200 1030 303 1116 thue
317 1031 390 1094 foret
405 1051 507 1115 sospes
520 1030 630 1115 conjux
644 1050 724 1106 suus,
734 1042 827 1113 utque
841 1026 960 1106 rediret,

200 1128 352 1211 Optabat3
373 1128 542 1211 nullamque
557 1126 611 1190 sibi
625 1125 785 1208 praeferret.
829 1124 872 1187 At
885 1124 927 1186 illi

201 1223 270 1287 Hoc
285 1225 322 1287 de
338 1237 381 1287 tot
396 1224 470 1285 votis
485 1235 600 1307 poterat
614 1222 784 1303 contingere
798 1221 905 1283 solum.

243 1321 286 1383 At
301 1320 357 1383 dea
371 1342 429 1382 non
445 1319 521 1381 ultra
533 1340 588 1403 pro
601 1317 703 1380 functo
716 1331 810 1379 morte
824 1317 919 1399 rogari

200 1416 349 1494 Sustinet;
370 1430 462 1501 utque
477 1436 581 1477 manus
595 1414 725 1477 firnestas
739 1427 837 1476 arceat
851 1414 925 1492 aris;

201 1512 269 1591 ‘lri‚
284 1514 378 1591 meae‚’
395 1513 479 1590 dixit,
495 1519 504 1549 ‘
513 1512 651 1575 fidissima
664 1510 771 1573 nuncia
786 1511 876 1587 vocis,

202 1608 275 1672 Vrsa
289 1608 477 1692 soporiferam
492 1608 595 1671 Somni
611 1608 753 1670 velociter
766 1608 880 1668 aulam:

200 1706 407 1790 Exstinctique
418 1706 490 1791 jube
505 1704 618 1788 Ce'ycis
633 1704 759 1787 imagine
773 1703 869 1768 mittat

200 1802 321 1867 Somnia
335 1803 372 1865 ad
388 1802 575 1886 Halcyonen,
591 1822 676 1864 veros
690 1800 835 1863 narrantia
849 1798 957 1863 'casus’

200 1900 338 1963 Dixerat.
382 1899 516 1963 induitur
530 1898 677 1962 velamina
690 1897 771 1960 mille
785 1889 918 1960 colonam

199 1996 264 2075 lris,
280 2011 310 2059 et
325 2011 446 2082 arquato
460 1996 570 2061 coelum
584 1995 756 2058 curvamine
770 1994 887 2076 signans

199 2093 297 2157 Tecta
311 2095 384 2177 petit
394 2094 468 2179 jussr
459 2093 537 2156 sub
550 2113 624 2174 rupe
639 2091 759 2154 latentia
772 2091 860 2172 regis.

119 2194 204 2259 Ὗ
242 2190 299 2252 Est
313 2211 406 2273 prope
420 2188 598 2251 Cimmerios
612 2185 703 2268 longo
716 2187 858 2269 spelunca
873 2206 1002 2265 recessu,

162 2273 177 2291 ’
199 2284 290 2349 Mons
303 2306 404 2362 cavus,
419 2284 516 2367 ignavr
507 2283 636 2347 domus
651 2296 681 2345 et
695 2282 856 2366 penetralia
870 2281 993 2345 Somni:

200 2382 274 2457 Quo
287 2402 437 2466 nunquam
451 2380 538 2443 radiis
554 2380 660 2457 oriens,
676 2379 840 2457 mediusve,
854 2378 1003 2443 cadensve

198 2476 334 2541 Phoebus
349 2478 428 2541 adire
443 2491 551 2561 potest.
596 2476 721 2541 Nebulae
735 2476 859 2559 caligine
874 2476 974 2539 mixtae

199 2574 386 2637 Exhalantur
399 2576 500 2650 humo,
515 2573 669 2657 dubiaeque
682 2574 856 2656 crepuscula
866 2572 950 2637 lucis.

201 2670 270 2735 Non
285 2672 353 2754 vigil
369 2671 429 2734 ales
443 2672 482 2733 ibi
497 2670 605 2733 cristati
619 2670 753 2733 cantibus
767 2671 834 2733 oris'

201 2764 316 2831 Evocat
329 2768 493 2831 Auroram:
515 2788 571 2829 nec
583 2762 656 2830 ioce
672 2767 787 2831 silentia
799 2780 939 2852 nrmpunt

199 2865 360 2928 sollicitive
374 2886 473 2943 canes,
488 2864 647 2928 canibusve
662 2866 793 2948 sagacior
807 2887 902 2929 anser.

199 2961 230 3033 N
232 2986 268 3025 ou
284 2961 355 3041 sera,
370 2986 429 3026 non
444 2963 586 3048 pecudes,
601 2986 660 3026 non
675 2964 747 3027 moti
760 2963 880 3026 flamine
894 2961 977 3040 rami,

200 3058 385 3123 Humanaeve
399 3082 504 3125 sonum
518 3061 644 3123 reddunt
659 3060 791 3124 convicia
804 3060 919 3143 lingue.

201 3154 289 3219 Muta
303 3158 386 3241 quies
401 3158 522 3221 habitat.
567 3158 649 3221 Saxo
664 3171 763 3220 tamen
778 3158 840 3219 exit
854 3157 891 3219 ab
906 3156 967 3220 imo

200 3252 297 3317 Rivus
312 3275 393 3339 aque
409 3254 538 3317 Lethes:
562 3276 615 3338 per
630 3276 719 3337 quem
734 3276 803 3316 cum
817 3274 965 3317 murmure
980 3253 1082 3317 labens
1107 3256 1172 3317 240

201 3350 308 3414 Invitat
323 3372 441 3414 somnos
455 3352 664 3435 crepitantibus
678 3351 757 3413 unda
771 3351 887 3433 lapillis.

204 3446 283 3513 Ante
298 3447 373 3511 fores
388 3450 462 3511 antri
477 3448 778 3533 soecundapapavera
792 3447 909 3525 florent,
