2634 4259
184 378 228 443 46
507 380 857 458 ΜβΤΔΜΟΒΡΗΟὸΕΟΝ

162 614 166 621 ι
184 532 229 598 Ut
246 532 338 618 jacuit
353 533 508 617 resupinus
523 532 616 609 humi,
631 552 718 593 eruor
731 531 840 593 emieat
853 530 924 607 alte,
1116 533 1160 593 50

186 630 256 694 Non
271 631 364 708 aliter,
379 631 469 715 quiam
482 621 557 693 clun
568 629 670 691 vitiato
683 629 780 690 fistula
794 627 918 711 plumbo

185 728 342 805 Scinditur,
358 740 506 790 attenues
521 725 663 789 stridente
678 724 819 786 foramine
834 724 921 806 longe

185 823 358 910 Ejaeulatur
372 846 480 909 aquas3
502 838 590 907 atquo
604 822 709 885 ictibus
723 825 791 884 a‘e'ru
804 821 923 904 rumpit.

185 923 311 1003 Arborei
326 921 414 987 soetus
428 922 600 1005 adspergine
615 920 704 982 caedis
719 920 749 983 iu
764 932 856 981 atram

187 1018 351 1083 Vertuntur
364 1019 489 1083 faciem:
511 1016 735 1100 madefactaque
749 1015 889 1099 sanguine
905 1014 990 1077 'radix
1118 1017 1161 1077 55

185 1117 330 1180 Poenieeo
344 1118 450 1199 tinguit
464 1114 622 1199 pendentia
636 1136 719 1176 mora
729 1114 843 1177 colore.

229 1214 324 1292 Eone,
337 1227 421 1277 metu
434 1212 565 1277 nondum
581 1212 687 1296 posito,
703 1233 741 1273 ne
755 1210 836 1273 fallat
850 1222 1010 1285 amantem,

185 1310 241 1376 llla
254 1312 345 1375 redit:
365 1310 566 1397 juvenemque
581 1308 686 1385 oculis,
700 1308 857 1391 animoque
872 1306 1009 1390 requirit:

187 1402 368 1493 Quantaque
383 1408 481 1472 vitiu-it
495 1426 610 1469 narrare
626 1406 757 1489 pericula
771 1404 868 1487 gestit.

186 1505 289 1591 thue
304 1508 414 1584 locum,
429 1519 460 1568 et
474 1526 589 1568 versam
603 1503 743 1586 cognovit
757 1502 788 1565 in
800 1502 904 1563 arbore
919 1499 1061 1578 sormam3
1118 1502 1162 1563 60

189 1603 254 1691 (Sic
268 1602 338 1667 facit
351 1600 492 1666 incertam
506 1602 588 1686 pomi
601 1598 699 1686 color)
715 1600 816 1676 haret,
831 1620 869 1661 an
883 1598 948 1662 haeo
959 1598 1006 1660 sit.
1083 1622 1089 1631 ·

186 1701 271 1764 Dum
285 1702 407 1777 dubitat,
422 1699 615 1763 tremebunda
630 1698 714 1760 videt
726 1697 842 1780 pulsare
856 1708 1011 1758 cruentum

186 1796 325 1861 Membra
338 1786 444 1875 solum,
458 1810 594 1881 retroque
610 1796 718 1881 pedem
733 1795 815 1857 tulit:
839 1814 948 1877 oraque
962 1793 1044 1855 buxo

187 1895 345 1957 Pallidiora
358 1916 475 1977 gerone,
490 1893 651 1971 exhorruit,
667 1892 789 1976 equoris
805 1892 905 1968 instar,

187 1991 280 2066 Quod
295 1991 403 2069 tremit,
418 1992 528 2075 exigui
541 1991 773 2057 oinnsummum
787 1990 936 2071 stringitur
949 1986 1031 2051 aura.
1112 1988 1162 2050 ’65
1201 2007 1210 2022 ·

187 2088 248 2151 Sed
263 2103 419 2173 postquam
433 2100 577 2150 remorata
591 2109 659 2149 suos
674 2087 812 2168 coguovit
826 2107 940 2149 amores
948 2106 958 2163 ;

186 2184 320 2247 Percutit
334 2182 468 2267 indignos
482 2183 562 2246 olam
577 2184 718 2265 plangore
732 2183 873 2245 laoertos:
897 2220 900 2225 -

187 2279 229 2344 Et
242 2275 349 2344 laniata
362 2300 472 2356 eomas,
488 2274 688 2362 amplexaque
701 2300 808 2362 corpus
822 2293 964 2357 amatum,
1033 2300 1036 2304 ’
1140 2287 1142 2290 ’

188 2376 321 2439 Vulnera
334 2375 484 2463 supplevit
497 2376 646 2459 lacrymiS,
660 2376 823 2460 fletumque
837 2377 933 2439 cruori
945 2376 952 2417 ;

186 2470 325 2537 Miscuit:
348 2466 379 2537 et
392 2473 496 2556 gelidis
510 2473 540 2535 in
557 2473 686 2552 vultibus
699 2474 801 2535 oscula
814 2473 918 2555 figens,
1118 2475 1162 2536 70

188 2569 357 2654 ‘Pyrame,'
372 2571 521 2647 clamavit,
536 2570 619 2653 ‘quis
633 2584 664 2632 te
673 2570 750 2632 mihi
763 2591 850 2631 casus
859 2568 991 2631 ademit?

186 2666 327 2750 Pyramo,
341 2667 498 2750 responde.
542 2666 613 2729 Tua
626 2674 668 2744 te,
680 2666 839 2743 carissime,
852 2664 969 2727 Thisbe

187 2762 345 2826 Nominat:
368 2762 487 2839 exaudi,
503 2762 660 2845 vriltusque
675 2764 776 2825 attolle
788 2762 944 2846 jacentes?

187 2859 238 2922 Ad
252 2880 361 2921 nomen
375 2858 504 2922 Thisbes
518 2860 629 2937 oculor,
641 2859 705 2944 jam
718 2873 813 2922 morte
828 2872 974 2941 gravatos,

186 2955 333 3039 Pyramus
348 2956 452 3047 erexit,
468 2955 593 3041 visique
603 2956 767 3020 recondidit
779 2956 840 3020 illa.
1100 2958 1160 3019 ³15

187 3051 266 3126 Quae
280 3055 436 3137 postq'uam
452 3067 624 3137 vestemque
637 3075 722 3117 suam
735 3054 885 3136 cognovit,
900 3067 931 3117 et
945 3074 1017 3117 ense
1208 3055 1214 3065 ‘

188 3147 273 3212 Vidit
287 3150 360 3211 ebur
373 3170 518 3225 raouum3
541 3149 628 3212 ‘Tua
642 3166 672 3213 te
686 3151 810 3227 manus‚'
826 3150 930 3234 inquit,
945 3158 1103 3234 ‘amorque

183 3245 330 3330 Perdidit,
344 3244 458 3308 infelix.
503 3245 560 3307 Est
573 3260 604 3308 et
617 3247 691 3309 mihi
705 3246 784 3309 sortis
798 3247 829 3309 in
845 3269 936 3310 unum

187 3341 256 3405 Hoo
270 3364 390 3406 manus:
413 3356 503 3405 estet
517 3364 614 3405 amor:
639 3344 719 3407 dabit
733 3344 781 3406 hic
796 3343 826 3406 in
841 3346 964 3407 vulnera
979 3345 1066 3407 vires.

166 3460 169 3465 '
187 3438 353 3527 Persequar
366 3440 562 3503 exstinctum:
584 3440 696 3524 letique
710 3441 872 3503 miserrima
885 3441 965 3504 dicar
1045 3458 1052 3471 ‘
1118 3443 1161 3504 80

188 3536 299 3615 Causa,
314 3542 474 3623 comasque
489 3537 548 3600 tui:
572 3538 681 3622 quique
695 3559 714 3601 a
726 3560 776 3601 me
790 3552 885 3601 morte
898 3538 1002 3601 revelli
