2634 4259
100 436 107 446 .
173 356 216 421 66
487 369 836 420 unnauonruosnou

173 515 331 601 Tantaque
346 517 515 600 simplicitas
531 519 691 600 puerilibus
705 519 787 581 affirit
802 520 895 597 annis,

173 612 248 675 llaec
264 635 382 698 quoque
398 614 561 697 virgineum
575 616 668 678 movit
679 615 793 701 jactura
808 617 951 679 dolorem.

216 710 334 793 Raptor
347 711 407 793 agit
421 728 534 790 currus,
549 727 580 775 et
594 714 714 775 nomine
730 736 879 799 quemque
895 728 1016 778 vocatos
1087 719 1151 780 240

175 806 358 871 Exhortatur
372 830 481 892 equos:
506 832 630 895 quorum
645 832 700 893 per
712 811 789 874 colla
801 811 948 897 jubasque

175 900 297 968 Excutit
311 905 436 968 obscuri
449 907 554 969 tinctas
567 905 713 989 ferrugine
729 909 870 971 habenas.

172 1000 290 1085 Perque
306 1003 387 1065 lacus
403 1004 486 1081 altos,
502 1017 533 1066 et
547 1005 655 1067 olentia
669 1005 779 1067 stdl‘ure
790 1006 884 1069 fertur
948 1044 952 1051 ·

171 1098 282 1182 Stagna
297 1097 478 1178 Palicorum,
494 1100 582 1184 rupti
596 1100 740 1164 ferventia
754 1104 849 1166 terni:

170 1194 212 1259 Et
227 1219 285 1282 qua
299 1197 488 1275 Bacchiadae,
504 1199 607 1261 bimari
622 1220 695 1280 gens
709 1214 774 1262 orta
787 1200 945 1266 Corintho.
1085 1204 1149 1265 245

169 1290 252 1357 Inter
264 1296 421 1379 inequales
436 1298 598 1379 posuerunt
612 1297 722 1362 moenia
736 1311 847 1379 portus.
940 1373 944 1378 ⁴

195 1434 197 1440 -
212 1390 269 1454 Est
283 1393 414 1455 medium
428 1392 562 1477 Cyanes,
578 1408 607 1456 et
622 1392 725 1456 Pisaeae
740 1394 908 1472 Arethusa,

170 1486 264 1563 Quod
277 1488 339 1552 coit
354 1491 483 1573 angustis
497 1491 643 1553 inclusum
657 1492 795 1554 cornibus
809 1513 918 1577 aequor.
941 1522 944 1528 ·

169 1585 230 1650 Hic
245 1586 309 1663 trit,
324 1588 440 1672 acujus
455 1602 591 1670 stagnum
606 1610 724 1673 quoque
739 1590 858 1651 nomine
873 1589 985 1653 dictum
1000 1603 1056 1666 est,
1082 1642 1087 1647 .

168 1682 250 1747 Inter
264 1685 406 1748 Sicelidas
421 1684 529 1769 Cyane
544 1686 736 1748 celeberrima
749 1687 902 1769 nymphas
907 1708 916 1763 ;
1082 1689 1147 1752 250

168 1783 360 1869 Agnovitque
375 1784 482 1847 deum:
506 1782 592 1846 ‘Nec
607 1783 723 1865 longiiu
738 1783 835 1861 ibitis,'
851 1784 961 1881 inquigz

169 1888 178 1918 ‘
187 1880 257 1944 Non
273 1896 358 1965 potes
372 1881 470 1951 invitae
484 1880 604 1947 Cereris
619 1889 712 1964 gen'er
729 1903 812 1944 esse:
834 1883 974 1965 roganda,

169 1976 238 2041 Non
253 1980 393 2064 rapienda
407 1978 472 2043 fuit.
517 1978 612 2054 Qudd
627 1980 651 2042 si
665 2001 845 2063 componere
861 1980 974 2062 magnis

168 2073 266 2139 Parva
280 2078 352 2139 mihi
366 2076 409 2139 sas
424 2090 487 2154 est3
509 2091 541 2139 et
554 2098 604 2139 me
619 2077 730 2161 dilexit·
738 2077 864 2160 Anapis.
882 2154 889 2168 .

169 2172 302 2235 Exorata
315 2188 426 2249 tamen,
441 2196 508 2250 nec,
523 2188 556 2236 nt
571 2174 645 2250 haec,
660 2174 801 2235 exterrita
814 2174 922 2257 nupsi,’
1081 2176 1145 2239 255

167 2270 272 2333 Dixit:
296 2285 337 2348 et,
352 2270 380 2333 in
396 2284 493 2354 partes
509 2270 639 2340 diversas
653 2270 773 2333 brachia
786 2271 922 2348 tendens,

166 2368 299 2451 Obstitit.
344 2368 434 2431 Haud
450 2368 526 2433 ultrix
539 2369 634 2432 tenuit
648 2368 801 2432 Satnmius
816 2350 907 2433 ir'am:

166 2455 385 2552 Terribilesque
400 2468 532 2532 hortatus
547 2488 651 2553 equos,
666 2468 696 2530 in
710 2468 836 2551 gurgitis
846 2468 906 2531 ima

166 2564 345 2628 Contortum
360 2566 457 2630 valido
472 2580 622 2649 sceptrum
637 2565 737 2647 regale
751 2566 862 2629 lacerto

166 2662 319 2726 Condidit.
363 2662 427 2725 Icta
441 2663 521 2726 viam
535 2664 622 2726 tellus
637 2663 666 2725 in
682 2662 807 2726 Tartara
821 2662 901 2741 secit,
1078 2664 1144 2729 260
1210 2724 1213 2730 .

165 2759 207 2823 Et
221 2782 329 2845 pronos
343 2781 444 2823 eunus
459 2761 558 2823 medio
572 2774 685 2823 cratere
699 2762 822 2843 recepit.
998 2770 1004 2775 '

166 2859 208 2921 At
224 2857 342 2942 Cyane,
357 2862 530 2943 raptamque
546 2858 643 2935 deam,
658 2871 888 2943 contemptaque
902 2856 990 2922 sontis

164 2956 239 3019 Jura
252 2957 298 3020 sui
313 2978 453 3034 moerens,
469 2956 678 3020 inconsolabile
693 2956 799 3019 vulnus

164 3054 271 3117 Mente
286 3056 360 3137 gerit
375 3054 475 3131 tacitb,
489 3054 686 3140 lacrymisque
700 3054 862 3117 absumitur
874 3053 987 3116 omnis:

165 3152 218 3230 Et,
233 3174 356 3238 quarum
371 3152 465 3217 morat
480 3156 620 3233 magnum
635 3151 726 3214 modd
740 3173 862 3228 numen,
877 3151 907 3213 iu
922 3150 986 3213 illas
1077 3150 1141 3214 265

166 3249 355 3313 Extenuatur
368 3270 470 3334 aquas·
515 3247 625 3311 Molliri
640 3249 774 3310 membra
788 3248 921 3311 videres:

165 3348 242 3411 Ossa
257 3348 316 3431 pati
333 3348 445 3411 flexus:
468 3366 581 3427 ungues
597 3345 729 3429 posuisse
740 3346 882 3426 rigorem:

166 3444 324 3529 Primaque
339 3446 377 3507 de
391 3444 455 3508 tota
468 3436 639 3517 tenuissima
655 3463 778 3526 quaque
793 3442 970 3525 liquescunt,

165 3542 292 3607 Cendei
306 3543 412 3621 crines,
428 3541 579 3626 digitique,
594 3554 624 3604 et
638 3560 734 3617 crura,
749 3540 919 3625 pedesque:
1022 3615 1025 3620 Ι
