2634 4259
470 379 537 430 LIB.
557 380 603 431 IV.
635 378 773 429 nnuma
794 379 827 429 X.
848 430 854 437 ,

165 524 253 613 Saepe
267 541 351 612 pater
364 525 449 607 diali,
463 528 609 595 sinotum·
617 528 688 611 quid
702 527 804 589 inutile
818 528 935 591 tentas?

207 624 371 692 Moeonides
385 625 480 686 nullas
494 626 558 708 ipso
572 624 691 707 reliquit
705 645 789 707 opes.

164 718 268 789 Motus
284 742 364 783 eram
378 720 479 793 uictu,-
503 733 624 803 tomque
639 718 787 782 Helicone
801 719 914 796 relicto,

208 816 342 879 Scribere
356 818 483 879 conabar
496 817 585 891 verba
599 816 694 879 soluta
708 816 813 882 modis.
857 846 861 851 ·
902 886 905 891 ¹

166 911 280 995 Sponte
294 914 349 974 sub
362 933 499 975 numeros
513 932 632 975 cannen
646 912 785 975 veniebat
798 911 836 975 ad
850 924 952 995 aptos:

208 1006 262 1085 Et,
277 1008 355 1091 quod
370 1009 519 1071 tentabam
532 1008 642 1084 dicere,
657 1021 845 1083 versus-erat.

166 1100 295 1180 Interea,
310 1104 398 1165 tacito
412 1124 500 1186 passu
514 1104 679 1167 labentibus
692 1104 787 1180 annis,
889 1141 892 1147 ·

210 1198 344 1263 Liberior
356 1198 435 1261 fratri
448 1196 576 1283 sumpta,
591 1198 732 1284 mihique,
747 1213 815 1282 toga
830 1212 895 1269 est:
1038 1279 1041 1284 Ι

166 1293 358 1377 induiturque
373 1296 511 1359 humeros
524 1317 593 1369 oum
608 1296 669 1358 lato
683 1317 814 1379 purpura
827 1297 930 1359 clavo:
1037 1291 1039 1298 ¹

211 1390 252 1453 Et
266 1391 394 1453 studium
408 1392 502 1468 nobis,
517 1392 596 1475 quod
610 1391 665 1453 suit
678 1392 758 1467 ante,
771 1405 883 1455 manet.
934 1456 938 1463 ,

166 1486 296 1570 Jamque
311 1487 416 1549 decem
427 1487 493 1551 vitae
503 1478 595 1549 'frater
609 1488 809 1569 geminaverat
823 1508 925 1564 annos,

210 1580 291 1646 Cum
306 1584 399 1666 perit;
421 1596 452 1644 et
465 1584 545 1667 coepi
559 1597 641 1666 parte
655 1604 756 1649 carere
769 1584 840 1646 mei.

167 1676 313 1762 Cepimus
328 1692 359 1741 et
373 1692 479 1742 tenere
494 1680 603 1762 primos
618 1679 709 1741 etatis
723 1680 849 1742 bonores
857 1701 867 1757 3

210 1773 299 1858 Eque
314 1776 385 1837 viris
395 1774 544 1858 quondam
556 1796 623 1858 pars
637 1776 730 1847 tribus
743 1796 803 1840 uua
817 1775 869 1838 sui.

168 1870 261 1934 Curia
275 1872 418 1935 restabat:
441 1871 518 1935 clavi
532 1892 669 1933 mensura
681 1863 784 1935 coacta
799 1884 861 1934 est:
932 1903 935 1908 >

210 1966 309 2051 Mejus
325 1980 386 2031 erat
400 1967 503 2031 nostris
519 1967 627 2039 riribus
641 1967 713 2028 illud
727 1988 812 2035 onus.
863 1961 866 1966 ’

169 2062 236 2127 Nec
252 2063 364 2145 patiens
378 2084 495 2149 corpup,
510 2083 567 2125 nec
582 2082 666 2124 mens
680 2062 735 2125 suit
749 2076 818 2146 apta
831 2062 932 2139 labori,

207 2159 407 2242 Sollicitaeque
421 2158 511 2241 fugax
527 2148 691 2222 ambitionis
706 2180 804 2222 eram:

158 2254 211 2318 *Et
225 2268 326 2338 petere
341 2255 446 2349 Apnie
460 2254 623 2318 suadebant
636 2268 700 2317 tuta
713 2276 827 2317 somres

209 2351 291 2429 Otia,
303 2351 414 2436 judicio
428 2372 546 2433 semper
559 2364 656 2413 amata
676 2372 756 2413 meo.

167 2446 417 2532 Temporisillius
426 2446 508 2510 colui
522 2446 778 2530 foviquepoe‘tas3

115 2612 118 2619 ,
162 2549 166 2557 “
209 2542 355 2637 fiuntque
370 2544 490 2606 aderant
504 2557 598 2620 vates,
612 2543 697 2607 rebar
706 2542 813 2634 ‘adesse
828 2542 910 2607 deos.
961 2542 968 2551 ’

112 2630 115 2639 ’
168 2640 255 2723 Soepe
270 2661 337 2703 suas
351 2641 484 2703 volucres
497 2640 569 2721 legit
582 2640 655 2702 mibi
668 2639 889 2721 grandiorem,

106 2791 111 2799 .
210 2734 348 2819 Quaque
362 2750 450 2799 necet
464 2756 596 2819 serpens,
612 2754 676 2818 quae
686 2733 773 2819 juvet
786 2736 890 2813 herba,
904 2733 1019 2799 Macer.

168 2831 256 2915 Soepe
271 2853 339 2895 suos
353 2832 453 2895 solitus
466 2833 588 2895 recitare
603 2830 776 2914 Propertius
790 2834 891 2915 ignes3

140 3006 144 3013 1
209 2927 282 2991 Jure
297 2928 430 2991 sodalitio
445 2928 494 3015 qui
507 2928 579 2991 mibi
590 2927 710 3011 junctus
725 2941 797 2989 erat.

169 3014 311 3090 Ponticus
324 3026 438 3103 Heroo,
452 3026 567 3089 Bassus
582 3047 700 3110 quoque
715 3026 810 3089 clarus
823 3025 938 3103 limbo,

210 3122 320 3186 Dulcia
332 3123 484 3187 convictirs
498 3124 631 3185 membra
645 3122 727 3185 fuer·
739 3122 810 3185 mei.

169 3217 213 3283 Et
225 3220 318 3282 tenuit
332 3233 444 3283 nostras
458 3240 630 3283 nurnemsus
645 3216 786 3294 Horatius
801 3239 903 3295 aures;

211 3304 295 3377 Dum
310 3315 375 3378 serit
391 3314 523 3385 Ausoniis
536 3316 665 3379 carmina
677 3315 759 3379 culta
772 3315 848 3398 lyrfi.
883 3304 888 3310 ’

171 3410 327 3494 Virgilium
343 3412 402 3475 vidi
417 3413 547 3475 tantbm:
570 3434 626 3501 nec
640 3433 739 3475 amara
752 3411 873 3475 Tibullo

128 3566 142 3585 ,
211 3507 348 3592 Tempus
363 3508 494 3573 amicitie
508 3508 571 3599 sata
581 3508 692 3571 dedere
706 3529 790 3571 merc.
