2634 4259
571 351 728 418 manat.

163 511 347 599 Pramiaque
358 511 486 598 eripies?
507 536 572 599 qua
587 516 612 579 si
626 516 678 579 tibi
692 537 799 599 magna
813 516 965 594 videntur3

164 609 215 675 Ex
229 612 284 675 illis
299 612 437 695 scopulis,
451 611 502 675 uhi
517 626 599 676 erant
612 613 867 697 affixa,'pethsm:
1052 604 1057 611 ’

163 707 253 771 Nunc
268 709 342 785 sine,
358 709 408 793 qui
422 708 517 792 petiit,
532 729 587 792 per
601 730 690 793 quem
703 732 764 771 non
778 709 848 773 orha
860 724 1008 787 senectus,

164 803 267 882 Ferre,
283 804 361 888 quod
376 817 407 866 et
421 805 530 867 meritis
544 819 575 867 et
589 826 664 871 voce
678 818 723 868 est
737 819 858 889 pactus:
881 827 1008 890 eumque

35 932 37 936 ·
164 899 234 963 Non
248 901 311 978 tihi,
326 899 379 963 sed
393 914 481 964 certa
494 902 648 985 praelatum
662 901 792 984 intellige
804 902 914 967 morti.’

164 996 218 1059 Ille
232 998 305 1061 nihil
319 998 438 1059 contra:
462 997 515 1059 sed
530 1011 560 1060 et
574 998 664 1075 hunc,
679 1012 710 1060 et
723 997 836 1061 Persea
850 999 932 1062 vultu

164 1085 290 1156 Altomo
305 1107 452 1177 spectans,
466 1107 549 1177 petat
563 1093 642 1157 hunc
657 1094 780 1176 ‘gnoma
795 1116 833 1156 an
846 1094 939 1157 illum.
1020 1151 1023 1157 .
1157 1142 1163 1152 .
1249 1130 1259 1149 ·

165 1189 390 1274 cunctatusque
404 1190 497 1268 brevi,
511 1204 675 1253 contortam
690 1190 799 1254 viribus
811 1192 936 1268 hastam,

164 1285 302 1359 Quantas
317 1286 359 1347 ira
373 1285 471 1363 dabat,
485 1287 683 1371 nequicquam
696 1288 727 1350 in
741 1287 852 1351 Persea
865 1288 953 1351 misit.

164 1381 209 1446 Ut
222 1384 303 1445 stetit
317 1382 366 1445 illa
379 1396 462 1460 toro;
484 1384 580 1445 stratis
594 1396 658 1446 turn
673 1384 801 1468 denique
815 1383 943 1447 Persem

165 1478 312 1542 Exsiluit:
336 1481 454 1565 teloque
470 1479 554 1543 ferox
569 1481 687 1545 inimica
700 1482 822 1544 remisso

165 1576 294 1640 Pectora
307 1576 451 1660 rupisset;
473 1578 528 1639 nisi
542 1591 609 1661 post
623 1577 725 1641 altaria
738 1577 871 1641 Phineus
900 1640 904 1645 .

164 1672 257 1735 Isset:
280 1686 311 1735 et
327 1671 509 1759 (indignum)
525 1674 669 1739 scelerato
682 1672 790 1758 prolirit
804 1696 865 1737 aru.
984 1705 987 1710 ⁴

166 1766 278 1832 Fronte
292 1782 391 1835 tamcn
407 1768 513 1833 Rhoeti
526 1788 586 1833 non
601 1771 680 1833 irrita
691 1771 792 1854 cuspis
809 1771 940 1834 adhesit.

166 1866 231 1939 Qui
245 1880 402 1952 postquam
416 1866 535 1943 cecidit,
549 1866 716 1950 ferrumque
730 1888 771 1929 ox
784 1888 850 1929 osse
863 1866 1015 1933 revulsum
1030 1880 1085 1944 est,

165 1962 307 2047 Palpitat,
323 1977 354 2027 et
369 1963 478 2047 positas
493 1964 639 2046 adspergit
653 1963 794 2045 sanguine
808 1965 935 2025 mensa's.
954 2008 957 2012 -
1097 1965 1140 2026 40

208 2059 291 2123 Tum
306 2061 378 2123 vero
392 2059 548 2123 indomitas
563 2059 688 2123 ardescit
702 2060 807 2142 vulgus
821 2060 853 2123 in'
865 2059 933 2138 iras,
985 2076 991 2081 ·

166 2155 303 2243 Telaque
317 2157 495 2244 conjiciunt:
518 2170 549 2221 et
563 2172 641 2235 suut,
658 2157 708 2241 qui
722 2153 850 2242 Cephea
864 2157 962 2221 dicam

167 2254 249 2319 Cum
263 2276 373 2337 genero
388 2255 496 2317 debere
511 2255 594 2317 mori.
639 2254 702 2317 Sed
714 2254 815 2318 limine
829 2255 901 2318 tecti

168 2350 293 2414 Exierat
307 2346 470 2436 Cepheus;
492 2364 614 2417 testatus
624 2350 744 2435 jusque,
757 2351 916 2435 fidemque,

169 2446 358 2532 Hospitiique
373 2449 456 2526 deos,
471 2470 518 2525 ea,
532 2468 565 2511 se
579 2446 765 2531 prohibente,
778 2447 902 2510 moveri.
942 2460 946 2467 '
1099 2449 1142 2511 45

212 2545 328 2609 Bellica
343 2544 443 2609 Pallas
458 2545 552 2623 adest,
566 2559 596 2607 et
611 2544 738 2628 pmtegit
752 2545 844 2627 egide
858 2543 992 2629 hanam:

170 2641 291 2726 Datque
307 2643 430 2706 anhnos.
476 2642 549 2705 Erat
564 2642 655 2705 Indus
669 2642 770 2719 Athis,
785 2663 885 2727 quem,
899 2642 1021 2708 flumine
1035 2640 1142 2724 Gange

171 2738 272 2816 Edita,
287 2738 425 2803 Limnate
440 2741 542 2803 vitreis
554 2739 705 2823 peperisse
718 2739 773 2801 suh
788 2740 875 2801 antris

171 2835 322 2913 Creditur,
338 2838 471 2919 egregius
485 2836 597 2899 sonna:
621 2857 710 2919 quam
724 2835 815 2900 divite
828 2836 910 2899 cultu

172 2933 323 3015 Augebat,
337 2934 382 2996 his
397 2934 493 2997 adhuc
508 2932 621 2995 octonis
635 2932 750 3014 integer
764 2932 865 3007 annis;
1100 2934 1143 2995 50

172 3028 313 3093 lnductus
327 3030 518 3113 chlamydem
532 3026 668 3112 Tyriam,
683 3048 771 3112 quarn
785 3028 891 3091 limbus
905 3028 1004 3091 obibat

173 3127 309 3191 Aureus:
333 3127 475 3189 ornabant
490 3138 590 3188 aurata
604 3124 723 3188 monilia
736 3124 855 3203 collum,

174 3223 215 3287 Et
229 3224 361 3286 madidos
376 3222 496 3307 myrrhis
509 3244 633 3285 curvum
646 3222 755 3285 crinale
769 3222 900 3305 capillos.

173 3320 228 3383 llle
244 3321 363 3404 quidem
374 3320 473 3405 jaculo
488 3320 621 3404 quamvis
636 3319 772 3383 distantia
784 3320 874 3383 misso

174 3419 283 3503 Figere
298 3419 401 3481 doctus
416 3432 496 3495 eratq
518 3418 570 3479 sed
585 3416 707 3480 tendere
721 3416 833 3479 doctior
846 3436 940 3479 mous.
1018 3428 1028 3447 ·
1103 3416 1145 3478 55

174 3516 256 3579 Turn
273 3537 389 3600 quoque
403 3516 484 3577 lenta
498 3536 587 3577 manu
602 3514 773 3577 flectentem
786 3534 896 3577 cornua
908 3512 1036 3576 Perseus
