2634 4259
150 393 215 458 142
461 398 810 451 marruonrnosnon

150 546 193 611 Et
207 568 302 610 rerum
318 568 430 625 causas,
445 561 476 611 et
490 548 560 631 quid
574 560 688 637 natura,
702 547 847 611 docebat:
875 618 878 622 ¹
909 571 912 575 ·
948 576 957 587 ⁸

151 644 235 719 Quid
250 645 343 721 deus3
364 645 443 707 unde
458 645 562 721 uives3
585 666 648 728 que
664 644 792 706 fulminis
806 656 884 708 esset
894 642 1001 725 orig03
1083 646 1127 707 10

150 741 277 825 Jupiter,
293 762 329 803 eu
346 741 437 818 venti,
453 740 586 803 discussis
599 741 679 803 nube
694 753 850 815 tonarent3

151 836 235 911 Quid
251 851 384 923 quateret
398 851 511 915 terras;
534 838 592 920 quia
606 838 703 900 sidera
716 838 782 919 lege
797 848 930 899 mearent
943 857 952 913 ;

151 932 192 997 Et
207 935 403 1018 quodcunque
419 935 502 999 latet.
546 932 722 1017 Primusque
737 932 871 995 animalia
887 931 996 995 mensis

150 1030 258 1113 Arguit
272 1030 400 1117 imponi:
425 1030 536 1113 primus
551 1050 669 1118 quoque
684 1028 789 1091 talibus
802 1049 853 1090 ora

151 1124 250 1189 Docta
265 1127 385 1210 quidem
399 1127 496 1203 solvit,
511 1124 566 1187 sed
581 1147 640 1188 non
655 1140 686 1187 et
698 1125 821 1200 credita,
839 1124 950 1185 verbis:
1084 1122 1125 1182 15

151 1219 299 1305 ‘Parcite
313 1222 461 1299 mortales,
476 1222 600 1305 dapibus
614 1235 758 1283 temerare
772 1217 905 1283 nefandis

150 1315 296 1401 Corpora.
341 1318 417 1381 Sunt
432 1317 540 1400 fruges,
554 1331 623 1380 sunt
635 1317 812 1379 deducentia
825 1338 922 1379 ramos

151 1412 289 1477 Pondere
304 1434 393 1497 poma
406 1436 471 1491 sno,
486 1414 664 1497 tumideque
678 1414 707 1477 in
723 1414 829 1477 vitibus
843 1434 925 1475 uve:
1012 1454 1020 1461 -

150 1508 228 1573 Sunt
242 1510 339 1573 herbae
355 1510 473 1573 dulces:
496 1524 574 1588 sunt,
590 1531 658 1593 quae
674 1510 828 1572 mitescere
844 1505 977 1585 flammi,

150 1604 320 1691 Molliriqne
336 1622 454 1692 queant.
499 1606 566 1669 Nec
583 1607 665 1669 vobis
678 1607 790 1669 lacteus
807 1605 913 1667 humor
1083 1604 1127 1666 20

150 1700 292 1786 Eripitur,
307 1724 364 1766 nec
378 1704 468 1767 mella
482 1703 578 1786 thymi
592 1702 756 1765 redolentia
770 1701 884 1763 florem.

149 1798 279 1883 Pmdiga
294 1799 418 1877 divitias,
434 1800 630 1883 alimentaque
645 1798 726 1861 mitia
739 1797 827 1861 tellus

150 1894 304 1979 Suggerit:
328 1910 416 1979 atque
432 1896 535 1981 epulas
550 1895 612 1958 sine
627 1895 708 1957 cede
722 1909 754 1957 et
767 1894 909 1976 sanguine
924 1891 1048 1976 prebet.

150 1990 250 2055 Came
267 1991 333 2055 sere
348 1993 451 2055 sedant
461 1992 591 2077 jejunia:
615 2013 672 2055 uec
686 2006 787 2054 tamen
800 2010 914 2053 omnes.

149 2085 276 2171 Quippe
291 2108 396 2173 equus,
412 2102 442 2152 et
456 2089 598 2172 pecudes
607 2103 798 2172 armentaque
809 2087 939 2169 gramine
952 2085 1066 2148 vivunt.
1083 2086 1126 2147 2⁵

149 2182 194 2245 At
208 2184 313 2266 quibus
327 2184 476 2265 ingenium
491 2197 535 2246 est
549 2184 847 2268 immansuetumque,
862 2182 1027 2265 serumque,

47 2306 51 2314 ·
149 2279 357 2363 Anneniaeque
372 2280 471 2361 tigres,
486 2278 675 2363 iracundique
689 2279 803 2356 leones,

150 2374 291 2460 Cumque
305 2376 382 2459 lupis
396 2375 465 2453 ursi,
480 2375 603 2459 dapibus
617 2396 688 2439 cum
701 2375 842 2457 sanguine
856 2373 997 2457 gaudent.

150 2470 221 2536 Heu
236 2486 379 2557 quantum
392 2473 488 2535 scelus
502 2486 558 2550 est,
573 2472 603 2535 in
618 2472 731 2535 viscera
745 2471 859 2534 viscera
872 2471 971 2548 condi,

150 2568 363 2651 Congestoque
378 2568 497 2630 avidum
512 2569 705 2651 pinguescere
720 2589 843 2651 corpore
858 2587 986 2651 corpus;
1082 2565 1125 2628 30

152 2664 340 2748 Alteriusque
355 2664 533 2727 animantem
547 2664 702 2727 animantis
716 2665 816 2726 vivere
830 2664 911 2727 leto!

150 2759 271 2823 Scilicet
285 2760 315 2823 in
330 2760 417 2822 tantis
430 2760 548 2843 opibus,
563 2779 636 2844 quas
649 2761 762 2843 optima
775 2774 902 2823 matrum

149 2855 245 2919 Terra
259 2856 346 2940 parit,
360 2846 446 2919 nil'te
461 2856 516 2919 nisi
531 2857 623 2919 tristia
636 2857 776 2919 mandere
791 2877 870 2919 sero

151 2952 284 3016 Vulnera
299 2955 388 3016 dente
398 2952 495 3037 juvat,
509 2953 639 3037 ritusque
655 2952 763 3015 referre
777 2952 970 3036 Cyclopum?

150 3048 181 3112 N
183 3072 228 3126 ec,
243 3050 298 3113 nisi
312 3050 472 3133 perdideris
486 3052 587 3128 alium,
602 3052 719 3135 placare
736 3050 859 3126 voracis,
1082 3048 1125 3111 35

150 3146 192 3209 Et
207 3146 285 3209 male
300 3147 404 3210 morati
418 3148 528 3231 poteris
539 3147 652 3231 jejunia
670 3147 799 3209 ventris?

163 3264 166 3275 ·
194 3243 237 3305 At
253 3257 337 3306 vetus
352 3243 400 3306 illa
416 3256 495 3320 etas,
509 3244 558 3305 cui
572 3243 696 3305 lecimus
711 3243 813 3305 Aurea
826 3260 947 3318 nomen,

150 3338 287 3402 Foetibus
303 3340 441 3418 arboreis,
455 3353 498 3415 et,
514 3360 586 3423 quas
601 3339 709 3401 humus
725 3339 842 3415 educat,
857 3337 954 3402 herbis

151 3434 314 3499 Fortunata
329 3436 399 3499 suit:
423 3457 479 3499 nec
494 3436 598 3517 polluit
612 3456 664 3497 ora
677 3456 791 3497 cruore.

151 3530 240 3619 Tunc
255 3546 285 3594 et
301 3553 370 3594 aves
386 3546 454 3595 tutae
471 3532 591 3593 movere
605 3552 660 3616 per
674 3535 743 3594 alim
756 3551 888 3616 pennas3
921 3514 938 3555 s
1084 3531 1128 3593 40
