2634 4259
198 436 261 497 120
504 440 852 495 Mnrnmonrflosrorr

194 592 367 659 Dummodo
382 592 461 677 qudd
476 592 576 656 lintres
590 566 739 655 Telamon
753 591 924 675 Peleusque
940 590 1068 670 liierunt,
1088 620 1092 624 ¹

194 691 296 776 Ajacis
310 691 447 753 meritum
461 685 521 753 nori
536 690 590 752 sit:
614 711 672 752 nec
687 690 835 770 sanguinis
849 680 940 765 ordo,

194 788 256 850 Sed
270 787 383 850 virtutis
398 789 492 850 honos
506 786 606 870 spoliis
622 799 767 870 quaeratur
781 786 811 847 in
826 785 897 847 istis.
1022 784 1027 787 ’

193 884 257 946 Aut
271 884 295 945 si
310 882 483 967 proximitas
497 880 667 966 primusque
681 881 837 965 requiritur
850 882 960 957 heres3
1052 906 1055 912 ·

193 977 248 1043 Fet
263 980 378 1063 genitor
392 979 514 1056 Peleus,
529 992 574 1043 est
588 978 722 1061 Pyrrhus
735 977 811 1041 iilius
826 978 877 1040 illi.
904 984 908 989 ’
972 990 976 997 ’
1107 979 1170 1040 155

194 1076 272 1151 Quis
285 1078 369 1140 locus
383 1075 491 1161 Ajacil
514 1074 656 1138 Phthiam
672 1074 827 1157 Scyroore
841 1074 980 1137 ferantur.

193 1171 260 1235 Nec
275 1172 371 1235 minds
386 1186 432 1235 est
445 1173 501 1235 isto
515 1170 636 1234 Teucer
647 1160 789 1254 patruelis
802 1168 925 1234 Achilli.

192 1266 275 1333 Num
290 1270 364 1353 petit
379 1269 428 1345 ille
443 1270 564 1331 tamen?
585 1288 657 1330 uum
672 1282 781 1350 sperat,
796 1282 829 1330 ut
843 1267 955 1330 auferat
969 1266 1071 1331 armai

204 1432 211 1449 ι
236 1364 317 1448 Ergo
331 1386 457 1449 operum
473 1364 611 1448 quoniam
625 1363 737 1426 nudum
753 1377 902 1427 certamen
918 1365 1061 1441 habetur,

192 1460 284 1525 Plura
298 1462 417 1546 quidem
432 1460 498 1538 seni,
514 1462 603 1546 quiun
618 1483 683 1545 quae
698 1461 910 1545 comprendere
925 1461 1009 1524 dictis
1105 1462 1170 1525 160

192 1556 228 1620 lu
242 1572 380 1641 promptu
395 1557 466 1619 mihi
481 1557 533 1619 sit:
557 1578 654 1619 rerum
669 1571 769 1619 tamen
784 1558 886 1621 ordine
901 1556 1002 1619 ducar,

192 1650 319 1717 Praescia
334 1652 448 1716 venturi
463 1652 590 1735 genitrix
604 1650 634 1715 N
636 1653 717 1714 ordia
731 1653 782 1715 leti

192 1748 366 1812 Dissimulet
379 1749 460 1810 oultu
475 1761 587 1811 natum.
633 1747 806 1831 Deceperat
820 1770 934 1827 omnes,
987 1752 990 1755 ’

192 1844 227 1907 ln
243 1844 347 1928 quibus
362 1844 500 1929 Ajacem,
514 1832 638 1928 sumpte
650 1843 766 1909 fallacia
780 1846 879 1908 vestis.
1131 1910 1136 1915 ,

192 1940 287 2004 Arma
301 1962 357 2023 ego
373 1940 528 2018 soemineis,
544 1942 674 2007 animum
688 1932 804 2005 motura
818 1942 942 2019 virilem,
1103 1935 1171 2006 165'

190 2035 342 2111 Mercibus
356 2036 475 2099 inserui·
518 2034 628 2121 Neque
643 2038 740 2100 adhuc
755 2038 919 2123 projecerat
934 2038 1021 2101 heros

192 2132 348 2213 Virgineus
363 2133 489 2208 habitus,
504 2134 573 2194 clim
585 2154 718 2215 parmam
732 2134 907 2217 hastamque
921 2137 1045 2214 tenenti,

191 2227 300 2291 “Nate
315 2225 404 2304 dea?
420 2228 491 2303 dixi,
508 2234 527 2263 “
537 2227 589 2289 tibi
603 2249 636 2289 se
651 2230 780 2311 peritura
794 2245 945 2293 reservant

190 2322 348 2406 Pergama
394 2320 478 2396 Quid
493 2321 609 2386 dubitas
623 2325 773 2407 ingentem
788 2341 922 2388 evertere
937 2327 1060 2413 Trojam
1069 2328 1103 2391 ?”

150 2442 155 2451 ·
190 2418 345 2505 lnjeoique
359 2442 491 2497 manum,
508 2418 674 2505 sortemque
690 2422 727 2484 ad
742 2422 826 2485 sortia
840 2420 916 2486 misi.
1104 2427 1167 2489 170

191 2514 275 2599 Ergo
288 2538 379 2598 opera
392 2517 468 2581 illius
483 2538 551 2579 mea
564 2531 642 2579 sunt.
689 2518 756 2600 Ego
770 2518 928 2603 Telephon
944 2520 1031 2583 hasti

190 2612 379 2693 Puguautem
396 2612 515 2675 domui:
538 2613 649 2675 victum
665 2628 857 2699 orantemque
871 2616 973 2679 refeci.

234 2708 328 2782 Qudd
343 2706 457 2771 Thebae
470 2707 620 2786 cecidere,
634 2731 736 2772 meum
751 2724 815 2788 est;
844 2734 893 2774 me
907 2712 1018 2776 credite
1032 2712 1167 2791 Lesbon,

190 2803 245 2869 Me
259 2805 418 2891 Tenedon,
433 2803 644 2888 Chrysenque,
659 2819 691 2868 et
705 2805 827 2890 Cyllan,
845 2808 989 2891 Apollinis
1002 2810 1119 2891 urbes„

191 2901 233 2965 Et
248 2902 346 2987 Syron
361 2902 492 2987 cepisse:
515 2900 585 2964 med
599 2924 743 2966 concussa
756 2918 858 2987 putate
1104 2910 1167 2980 1r5

190 2998 387 3063 Procubuisse
402 2999 465 3062 solo
479 2997 625 3082 Lyrnesia
639 3001 750 3063 moenia
765 3001 881 3064 dextri.

190 3094 293 3181 thue
307 3096 377 3159 alias
391 3109 527 3171 taceam3
549 3096 599 3179 qui
613 3118 724 3159 sevum
738 3099 862 3182 perdere
879 3095 978 3181 posset

189 3190 331 3271 Hectora,
345 3213 454 3275 nempe
469 3191 554 3253 dedi:
576 3213 694 3274 perine
704 3192 786 3277 jacet
800 3194 927 3277 inclytus
942 3192 1068 3259 Hector.

190 3288 251 3353 lllis
265 3289 328 3352 hec
342 3289 439 3365 armis,
455 3288 559 3372 quibus
574 3302 619 3349 est
634 3290 771 3353 inventus
785 3292 931 3367 Achilles,

190 3386 285 3449 Arma
299 3401 387 3470 peto:
412 3378 479 3447 vivo
495 3384 655 3462 dederam·
660 3403 728 3468 post
743 3386 802 3449 sata
815 3409 948 3472 reposco.
1048 3437 1051 3442 -
1103 3390 1167 3453 180

233 3481 277 3545 Ut
293 3483 375 3545 dolor
389 3483 474 3544 unius
489 3480 610 3543 Danaos
626 3484 760 3565 pervenit
775 3484 812 3545 ad
827 3506 942 3561 omnes,

191 3578 361 3662 Aulidaque
377 3575 545 3640 Euboicam
558 3578 747 3662 complerunt
762 3580 841 3642 mille
855 3582 980 3658 canne3
