2634 4259
602 344 727 407 ,urana
739 344 761 393 1.

192 495 248 560 Illa
260 495 350 559 etiam
365 494 494 578 supplex
508 493 592 576 Argo
604 494 675 557 clun
688 492 809 555 brachia
821 492 913 554 vellet

171 668 176 675 „
191 592 333 657 Tendere
346 614 354 675 3
376 614 436 655 non
451 591 563 668 hahuit,
578 610 642 674 que
656 589 776 653 brachia
789 589 922 652 tenderet
936 587 1039 671 Argo:

192 688 371 773 Conatoque
385 688 469 772 queri
483 688 612 769 mugitus
627 686 720 764 edidit
733 707 801 749 ore:
1159 679 1226 757 «Ρ

191 784 408 869 Pertimuitque
423 806 527 847 sonos:
550 782 729 867 propriisque
744 783 885 846 exterrita
895 804 973 847 ,voce
987 796 1043 845 est.
1105 783 1169 845 520

236 881 329 945 Venit
343 896 374 945 et
389 881 426 945 ad
440 882 529 965 ripas,
543 880 595 944 ubi
609 880 712 943 ludere
726 901 804 963 saepe
818 880 941 957 solebat,

191 977 347 1041 Inachidas
361 980 455 1063 ripas:
478 998 615 1062 novaque
629 990 663 1041 ut
675 978 832 1060 conspexit
846 978 876 1039 in
889 975 971 1038 undis

192 1073 326 1153 Comua‚
340 1075 502 1159 pertimuit,
517 1095 610 1157 seque
624 1087 778 1136 externata
790 1072 907 1157 refugit.

192 1170 306 1235 Naides
319 1172 464 1255 ignorant,
480 1173 593 1255 ignorat
607 1185 638 1234 et
652 1170 780 1234 Inachus
794 1171 868 1255 ipse,

131 1298 135 1305 ·
192 1268 271 1343 Quae
285 1270 333 1332 sit.
362 1260 365 1265 ’
377 1270 422 1333 At
435 1270 485 1332 illa
499 1283 613 1353 patrem
627 1268 768 1353 sequitur,
783 1270 972 1353 sequiturque
986 1266 1116 1332 sorores:

192 1364 234 1427 Et
249 1368 358 1451 patitur
371 1368 461 1449 tangi,
476 1387 568 1451 seque
584 1366 792 1430 admirantibus
806 1366 912 1429 offert.
1104 1353 1168 1427 526

193 1462 361 1546 Decerptas
375 1464 473 1526 senior
486 1476 658 1547 porrexerat
673 1462 801 1535 Inachus
815 1462 939 1539 herbas3

192 1557 248 1622 llla
261 1582 365 1623 manus
378 1560 491 1638 lambit,
506 1560 665 1645 patriisque
681 1559 732 1622 dat
745 1560 848 1623 oscula
857 1559 965 1643 palmis
975 1580 988 1636 3·

191 1654 260 1719 Nec
273 1656 380 1720 retinet
393 1658 555 1741 lacrymas:
578 1670 618 1734 et,
633 1656 658 1719 si
671 1656 763 1719 modd
778 1657 867 1721 verha
880 1670 1051 1742 sequantur,

192 1751 268 1815 Oret
281 1775 389 1837 opem;
411 1775 580 1837 nomenque
594 1774 692 1831 suum,
706 1774 850 1838 casusque
865 1754 1010 1839 loquatur.
1040 1766 1043 1771 “
1105 1754 1169 1816 530

192 1848 308 1913 Littera
321 1872 376 1933 pro
391 1851 499 1927 verbis,
513 1872 602 1935 quam
616 1851 715 1933 pes‘in
729 1851 851 1934 pulvere
866 1850 955 1928 ducit,
1040 1911 1047 1918 ,
1170 1866 1174 1870 ’

193 1945 335 2030 Corporis
349 1947 491 2009 indicium
506 1947 611 2009 mutati
625 1947 707 2009 triste
720 1947 846 2029 peregit.

192 2041 265 2105 ‘Me
281 2044 421 2127 miserum
432 2043 451 2107 i'
473 2043 621 2106 exclamat
635 2032 720 2127 pater
734 2043 879 2106 Inachus:
900 2044 990 2127 inque
1005 2041 1148 2127 gementis

192 2139 350 2219 Cornibus,
365 2155 396 2205 et
409 2142 503 2207 niveae
517 2140 651 2225 pendens
665 2142 782 2204 cervice
792 2140 941 2227 juvence,

193 2237 265 2301 ‘Me
279 2240 418 2302 misemm
429 2239 446 2302 l’
469 2240 639 2323 ingeminat.
684 2238 792 2302 ‘'llme
806 2260 839 2302 es
854 2239 973 2325 quesita
986 2260 1042 2325 per
1054 2260 1168 2316 omnes,

192 2328 283 2413 Nata,
296 2336 370 2399 mihi
384 2340 495 2399 terras?
517 2336 568 2399 Tu
583 2358 643 2399 non
657 2336 778 2400 inventa
791 2336 911 2421 reperti
1105 2337 1169 2399 536

192 2430 307 2497 Luctus
321 2455 385 2497 eras
400 2434 504 2517 letior.
548 2432 690 2497 Retices:
712 2455 770 2511 nec
783 2447 887 2496 mutua
899 2433 1005 2497 nostris

194 2528 286 2593 Dicta
298 2530 389 2594 refers
402 2553 409 2593 z
432 2532 491 2594 alto
505 2544 620 2595 tantum
634 2530 758 2615 suspiria
772 2530 871 2613 prodis

194 2624 338 2703 Pectore:
362 2628 500 2714 quodque
512 2650 604 2690 unum
619 2641 715 2712 potes,
732 2627 769 2689 ad
783 2649 852 2690 mea
865 2628 955 2691 verba
968 2626 1107 2710 remugis.

194 2722 261 2787 Nec
274 2725 356 2787 finire
369 2726 439 2788 licet
453 2738 549 2788 tantos
564 2724 636 2787 mihi
650 2739 746 2789 morte
761 2724 892 2788 dolores:
1106 2726 1170 2787 540

195 2820 255 2884 Sed
270 2836 358 2885 nocet
373 2816 439 2885 esse
454 2822 560 2886 deum:
583 2824 784 2907 preciosaque
794 2822 885 2909 janua
898 2822 950 2886 leti

194 2918 351 2983 AEtemum
366 2934 480 3001 nostros
494 2920 591 2983 luctus
606 2920 742 2983 extendit
755 2921 786 2983 in
800 2921 918 2983 aevum?

195 3014 281 3079 Talia
296 3018 433 3081 moerenti
448 3018 579 3080 stellatus
594 3018 761 3094 submovet,
775 3016 886 3099 Argus,

196 3113 397 3199 Ereptamque
413 3114 488 3199 patri
503 3114 618 3177 diversa
632 3115 662 3177 in
677 3136 788 3198 pascua
801 3127 901 3177 natam
1308 3135 1309 3198 ᾗ

81 3282 85 3287 ,
198 3212 359 3277 Abstrahit.
403 3210 473 3296 lpse
488 3210 592 3297 procul
605 3212 714 3275 montis
728 3211 852 3274 subhmo
866 3230 1010 3273 cacumen
1106 3212 1170 3274 545
1272 3237 1278 3249 ·
1308 3213 1309 3248 l

195 3308 348 3393 Occupat:
371 3309 450 3373 unde
466 3310 572 3372 sedens
587 3322 685 3393 partes
699 3309 869 3393 speculetur
882 3308 913 3371 in
926 3328 1041 3370 omnes.
1178 3306 1182 3312 ’

236 3406 303 3470 Nec
318 3407 458 3489 superirm
473 3420 568 3470 rector
582 3407 660 3469 mala
674 3420 757 3469 tanta
770 3404 955 3468 Phoronidos
969 3405 1047 3468 ultra

195 3500 286 3567 Ferre
300 3518 416 3590 potest:
438 3518 600 3587 natumque
617 3517 722 3581 vocat3
745 3524 836 3586 quem
849 3501 949 3564 lucida
962 3514 1048 3585 partu
