2634 4259
174 399 235 461 122
462 402 815 459 muranonrrrosnort.

169 552 275 617 Mente
290 554 383 618 serant
397 555 529 638 placidi:
553 556 645 619 doceo
660 577 720 638 quo
733 556 823 616 simus
837 550 945 631 alendi,

168 648 349 712 Armandive
363 650 471 712 modo:
495 652 594 713 mittor
608 651 667 733 qud
681 650 809 733 postulat
819 654 904 711 usus.
1074 650 1139 713 215

211 744 293 807 Ecce
310 745 394 807 Jovis
410 747 531 822 monitu,
547 747 691 829 deceptus
705 747 830 826 imagine
844 746 951 821 somni,

167 839 240 917 Rex
251 840 336 925 jubet
351 842 460 924 incepti
473 863 575 904 curam
590 842 734 903 dimittere
748 842 829 903 belli.

167 934 221 997 Ille
236 950 334 1019 potest
348 952 467 999 auctore
483 959 565 999 suam
580 936 738 998 defendere
753 958 883 999 causam.

168 1029 238 1093 Non
252 1032 327 1093 sinat
342 1032 399 1095 hoc
413 1033 505 1117 Ajax‚
521 1032 704 1114 delendaque
718 1032 864 1113 Pergama
872 1047 997 1116 poscat:

168 1124 320 1209 Quodque
334 1141 442 1209 potest,
458 1141 579 1210 pugnet.
624 1127 690 1189 Cur
702 1148 761 1189 non
775 1142 936 1189 remoratur
948 1129 1059 1191 ituros?
1073 1132 1137 1193 220

167 1220 232 1285 Cur
245 1244 303 1285 non
318 1244 398 1285 arma
412 1220 512 1306 capit?
554 1223 627 1299 Dat,
642 1223 722 1306 quod
737 1245 811 1303 vaga
825 1224 910 1285 turba
923 1227 1092 1307 sequaturl·

134 1334 137 1339 '
167 1316 236 1379 Non
252 1332 314 1379 erat
328 1319 385 1380 hoc
399 1320 684 1403 nimium-nunqnam
698 1318 753 1379 nisi
767 1334 874 1399 magna
888 1320 1030 1401 loquenti.

167 1410 261 1489 Quid,
277 1413 355 1495 qudd
371 1428 401 1475 et
415 1414 588 1497 ipsefsugis?
611 1414 681 1489 vidi,
696 1408 859 1497 puduitque
876 1415 986 1492 videre,

98 1526 103 1535 '
167 1507 248 1571 Crim
262 1523 293 1570 tu
310 1523 390 1591 terga
405 1510 499 1585 dares,
515 1511 726 1592 inhonestaque
743 1511 808 1572 vela
821 1532 950 1593 parares.
1021 1541 1023 1546 ·

167 1603 234 1665 Nec
248 1626 340 1682 mora,
355 1605 461 1678 ‘Quid
476 1605 588 1668 facitis?
611 1628 676 1689 qnae
692 1627 744 1666 vos
759 1606 927 1682 dementia,’
943 1607 1016 1683 dixi,
1073 1611 1137 1672 225

167 1700 335 1777 ‘Concitaq
350 1724 369 1763 o
384 1702 464 1778 socii,
479 1715 596 1785 captam
611 1702 756 1763 dimittere
771 1699 915 1785 Trojam?

167 1794 289 1869 Quidve
304 1797 424 1858 domum
439 1796 517 1859 sertis
533 1798 657 1873 decimo,
673 1797 727 1859 nisi
742 1797 882 1873 dedecus,
897 1798 1007 1861 anno?

167 1890 290 1954 Talibus
305 1906 393 1975 etque
409 1894 482 1970 aliis,
498 1894 605 1976 inquae
622 1894 706 1961 dolor
718 1894 782 1976 ipse
797 1893 937 1955 disertum
1042 1915 1046 1919 ’

167 1986 305 2065 Fecerat,
321 2010 438 2051 aversos
453 1990 577 2073 profugi
591 1990 628 2051 de
643 1990 736 2052 classe
750 1990 865 2052 reduxi.
928 2006 932 2009 ’

168 2075 324 2148 Convocat
338 2087 458 2148 Atrides
472 2087 565 2148 socios
580 2100 689 2149 terrore
704 2100 867 2168 paventes:
925 2140 929 2143 .
998 2126 1001 2130 Δ
1073 2090 1137 2151 230

168 2178 235 2241 Nec
250 2180 476 2242 Telamoniades
491 2181 579 2243 etiarn
594 2202 672 2242 nunc
687 2182 799 2241 hiscere
814 2181 974 2263 quidquam

168 2276 273 2337 Ansit:
297 2289 326 2337 at
340 2297 427 2337 ausus
442 2290 504 2338 erat
518 2297 601 2357 reges
616 2276 762 2337 incessere
776 2276 860 2338 dictis

167 2372 331 2447 ThersiteS,
347 2373 434 2434 etiam
450 2394 503 2455 per
517 2392 564 2433 me
579 2372 657 2434 haud
674 2371 806 2455 impune,
821 2373 975 2455 protervis.
1020 2385 1023 2389 “

168 2468 283 2549 Erigor,
300 2482 329 2530 et
343 2470 473 2552 trepidos
483 2470 568 2531 elves
583 2470 722 2531 exhortor
736 2469 765 2529 in
780 2470 912 2531 hostem:
981 2537 984 2543 ,

167 2564 375 2647 Amissamque
391 2564 459 2625 med
474 2565 610 2626 virtutem
625 2586 699 2625 voce
714 2585 851 2646 reposco.⁴
999 2558 1001 2562 ¹
1073 2568 1137 2629 235

167 2659 318 2743 Tempore
334 2661 370 2721 ab
385 2662 452 2736 hoe,
468 2660 665 2744 quodcunque
680 2674 775 2742 potest
791 2660 895 2723 secisse
912 2662 1002 2724 videri
1036 2715 1040 2724 .

167 2756 296 2818 Fortiter
311 2758 376 2832 iste,
390 2777 491 2817 meum
506 2769 567 2817 est:
591 2757 641 2838 qui
655 2756 774 2818 dantem
789 2769 872 2838 terga
885 2759 1003 2819 retraxi.

209 2852 347 2935 Denique
363 2852 400 2913 de
416 2852 529 2927 Danais
545 2853 608 2935 quis
623 2865 652 2915 te
667 2852 805 2914 laudatve
819 2854 954 2935 petitve?

60 3002 64 3007 .
166 2949 209 3011 At
224 2971 277 3011 sua
290 2948 425 3032 Tydides
440 2970 558 3011 meeum
573 2949 771 3012 communicat
784 2963 866 3011 acta:
1125 3010 1127 3014 .

166 3044 220 3107 Me
237 3047 357 3127 probat:
381 3060 412 3107 et
426 3046 506 3107 socio
520 3067 637 3130 semper
650 3047 769 3108 confidit
783 3045 905 3129 Ulysse.
1028 3080 1032 3087 ·
1073 3050 1143 3113 240'

167 3141 223 3203 Est
236 3142 356 3225 aliquid,
372 3144 408 3204 de
423 3156 467 3205 tot
482 3142 639 3225 Grajorum
653 3143 790 3217 millibus,
805 3163 896 3204 unum

168 3238 198 3299 A
213 3238 361 3301 Diomede
375 3239 445 3321 legi.
472 3281 477 3287 -
489 3237 519 3299 N
522 3258 556 3299 ec
571 3260 620 3299 me
634 3260 696 3299 sors
710 3238 751 3299 ire
762 3237 903 3321 jubebat:

168 3332 219 3395 Sic
233 3347 332 3396 tamen
347 3348 377 3395 et
391 3346 490 3416 spreto
503 3333 655 3415 noctisque
670 3333 820 3415 hostisque
836 3333 955 3415 periclo,

169 3429 285 3491 Ausum
300 3431 415 3506 eadem,
432 3451 494 3512 quae
511 3449 573 3505 noe,
588 3427 723 3511 Phrygiis
736 3428 773 3489 de
788 3441 876 3509 gente
891 3428 1011 3493 Dolona
1037 3474 1045 3489 .

168 3524 324 3588 luterimo:
348 3548 406 3589 non
422 3526 489 3588 ant'e
503 3538 613 3603 tamen,
629 3525 718 3609 quim
732 3521 840 3587 cuncta
853 3526 938 3608 coegi
1074 3528 1137 3590 245

1304 3277 1312 3706 l

1304 3718 1312 4038 l
