2634 4259
633 330 791 415 arpenn.
1159 360 1200 420 aa

224 510 422 585 Flarnmiseris
436 513 571 597 implent,
586 514 770 599 pedibusque
785 512 927 598 repagula
943 512 1073 597 pulsarit.

224 608 302 683 Quae
318 622 474 694 postquam
488 610 617 694 Tethys,
632 611 757 674 fatorum
772 610 872 692 ignara
885 612 1013 695 nepotis,
1142 610 1203 675 155

224 705 368 789 Repulit;
391 721 422 770 et
436 705 512 795 lacta
527 722 571 773 est
585 708 722 774 immensi
735 708 823 791 copia
835 708 938 775 mundi
946 730 955 785 ;

224 802 405 887 Corripuere
421 804 509 883 viam,
523 804 708 891 pedibusque
723 826 777 889 per
791 808 861 867 ae‘ra
874 806 961 869 motis
1002 860 1007 867 .

222 899 387 963 Obstantes
400 902 514 965 findunt
527 902 662 981 nebulas,
676 902 840 990 pennisque
855 902 945 965 levati

224 996 409 1061 Praetereunt
423 1012 502 1061 ortos
515 999 610 1063 isdem
626 1000 664 1061 de
676 1000 810 1084 partibus
825 998 933 1062 Euros.

224 1094 288 1157 Sed
299 1096 369 1157 leve
385 1095 502 1179 pondus
516 1109 578 1158 erat
587 1119 596 1172 ;
618 1117 675 1159 neo
690 1096 769 1181 quod
783 1117 964 1179 cognoscere
975 1111 1098 1181 possent
1142 1098 1203 1160 160

225 1191 302 1255 Solis
317 1193 403 1278 equi:
427 1192 571 1277 solitaque
581 1192 687 1278 jugtun
701 1193 844 1277 gravitate
858 1193 988 1257 carebat.
1211 1182 1215 1187 ⁸

224 1287 329 1374 thue
344 1290 444 1353 labant
457 1310 554 1353 curvae
565 1290 646 1375 justo
661 1291 724 1353 sine
739 1291 871 1374 pondere
887 1312 989 1368 naves,

224 1384 345 1471 Perque
359 1408 450 1464 mare,
465 1386 617 1449 instabiles
629 1387 720 1449 nimii
733 1387 866 1464 levitate,
881 1386 1013 1450 feruntur
1021 1408 1031 1465 3

225 1483 277 1547 Sic
291 1505 380 1547 onere
395 1485 519 1547 adsueto
533 1505 642 1547 vacuos
658 1484 708 1548 dat
722 1484 750 1546 in
766 1489 838 1547 aera
849 1486 950 1562 saltus,
1066 1487 1070 1495 '

224 1579 452 1664 Suc'cutiturque
468 1580 539 1659 alte,
553 1580 714 1664 similisque
729 1594 775 1643 est
788 1603 889 1644 curnis
903 1581 993 1645 inani.
1143 1580 1203 1643 165

224 1676 320 1753 Quod
333 1678 419 1741 simul
434 1699 469 1740 ac
483 1678 622 1755 sensere5
644 1691 743 1754 ruunt,
758 1678 917 1762 tritumque
931 1678 1100 1762 relinquunt

225 1771 402 1860 Quadrijugi
417 1774 561 1856 spatium:
585 1796 652 1851 nec,
669 1793 728 1857 quo
742 1774 832 1857 priris,
847 1773 949 1837 ordine
964 1788 1095 1837 currunt.

224 1869 294 1953 lpse
309 1884 418 1955 pavet;
440 1892 497 1932 nec
512 1870 573 1955 qual
585 1864 756 1947 commissas
770 1871 871 1933 flectat
885 1871 1027 1948 habenas,

226 1964 292 2029 Nec
307 1967 372 2044 scit,
387 1965 448 2050 qui
461 1964 499 2030 sit
512 1966 585 2031 iter:
608 1986 676 2041 nec,
691 1965 716 2027 si
729 1965 812 2042 sciat,
826 1966 952 2048 imperet
966 1966 1031 2029 illis.

224 2062 307 2125 Turn
321 2062 451 2146 primitm
464 2062 551 2125 radiis
566 2062 656 2146 gelidi
670 2061 788 2125 caluere
803 2061 940 2141 Triones,
1143 2066 1204 2127 170

225 2159 267 2222 Et
282 2160 374 2223 vetito
388 2159 494 2223 frustra
506 2160 657 2225 tentiuunt
671 2180 788 2245 aequore
802 2159 885 2243 tingi.

224 2255 364 2341 Quaeque
379 2257 450 2339 polo
463 2259 558 2342 posita
573 2272 617 2321 est
632 2256 746 2338 glaciali
761 2255 898 2340 proxima
911 2256 1053 2343 Serpens,

225 2354 349 2439 Frigore
363 2357 447 2441 pigra
462 2358 551 2442 prius,
566 2377 622 2419 nec
636 2354 826 2418 sonnidabilis
839 2356 903 2434 ulli,

225 2453 367 2519 Incaluit:
390 2454 573 2539 sumpsitque
590 2474 683 2514 novas
698 2449 859 2515 fervoribus
873 2442 940 2517 iras.

224 2550 274 2615 Te
288 2574 406 2637 quoque
421 2550 571 2614 turbatum
585 2563 751 2612 memorant
765 2549 884 2632 fugisse,
899 2549 1018 2629 Bodte3
1112 2558 1115 2564 '
1142 2552 1202 2615 175

225 2647 373 2722 Quamvis
386 2648 486 2711 tardus
500 2669 574 2725 eras,
590 2661 620 2711 et
635 2661 666 2710 te
681 2661 733 2711 tua
746 2640 876 2732 plaustra
890 2649 1041 2711 tenebant.

267 2744 313 2808 Ut
327 2744 397 2808 verb
411 2766 528 2808 summo
536 2745 680 2828 ‚despexit
693 2744 732 2808 ab
746 2745 854 2807 aethere
869 2758 959 2808 terras

225 2840 332 2904 Infelix
347 2841 517 2920 Phaethon,
532 2843 650 2927 penitus
666 2842 843 2927 penitusque
854 2842 1008 2926 jacentes3

224 2937 345 3017 Palluit,
361 2953 392 3002 et
406 2940 503 3003 subito
517 2961 615 3022 genua
629 2941 807 3003 intremuere
821 2939 944 3001 timore:

224 3034 360 3121 Suntque
375 3038 468 3103 oculis
482 3037 610 3100 tenebra
626 3058 680 3120 per
693 3048 807 3098 tantum
821 3035 923 3098 lumen
937 3035 1057 3097 obortae.
1142 3035 1202 3099 180

225 3130 267 3194 Et
276 3132 340 3217 jam
354 3133 455 3196 mallet
470 3154 561 3216 equos
576 3154 727 3216 nunquam
742 3132 872 3215 tetigisse
886 3145 1041 3218 paternos:

224 3227 354 3314 Jamque
368 3230 491 3313 agnosse
507 3251 600 3312 genus
615 3230 708 3315 piget,
723 3244 754 3293 et
768 3228 894 3291 valuisse
909 3228 1056 3311 rogando:

224 3325 294 3389 Jam
309 3326 442 3411 Meropis
456 3314 515 3390 dici
529 3328 671 3411 cupiens3
693 3328 735 3390 ita
748 3326 848 3402 fertur,
862 3338 896 3387 ut
910 3338 976 3388 acta

225 3422 373 3509 Praecipiti
388 3424 602 3509 pinus-Borma,
616 3426 666 3488 cui
680 3426 760 3488 victa
772 3422 884 3485 remisit

187 3538 193 3549 ’
226 3518 332 3585 Frena
345 3541 414 3585 suus
428 3518 534 3600 rector,
550 3542 638 3605 quam
655 3521 700 3583 dis
714 3520 848 3603 votisque
863 3517 988 3603 reliquit.
1142 3515 1202 3577 185
