2634 4259
506 440 508 445 ,
560 406 669 465 mene
691 404 737 462 VI.

537 680 676 744 LIBER
687 679 744 743 VI.

367 928 372 936 ·
395 906 494 951 monn
517 908 553 949 IN
576 903 723 951 sanam
744 908 885 950 nunna.

582 1090 613 1133 v.
627 1072 698 1133 148.

153 1238 233 1302 Ante
248 1260 317 1302 suos
333 1235 431 1301 Niobe
446 1238 590 1303 thadamos
604 1253 783 1321 cognoverat
796 1238 887 1317 iilam,

152 1334 232 1397 'Ihm
247 1340 317 1398 cum
332 1335 491 1399 Maeoniam
506 1337 587 1418 virgo
602 1336 799 1419 Sipylumque
811 1336 939 1398 colebat.

153 1431 219 1495 Nec
233 1448 332 1495 tamen
349 1434 498 1495 admonita
512 1446 557 1495 est
571 1432 663 1517 poenh
677 1434 826 1515 popularis
842 1432 997 1495 Arachnes

80 1546 83 1553 ·
153 1528 270 1591 Cedere
285 1530 442 1607 colitibuS,
458 1531 612 1612 verbisque
627 1530 786 1591 minoribus
800 1529 854 1591 uti.
1158 1596 1163 1603 ,

151 1624 249 1689 Multa
263 1627 372 1688 dabant
386 1628 508 1689 animos,
554 1626 708 1689 Sedenim
721 1648 778 1689 nec
791 1626 922 1711 conjugis
936 1639 1024 1704 artes,
1102 1628 1124 1691 5

152 1721 218 1785 Nec
233 1744 326 1804 genus
341 1724 503 1801 amborum,
518 1724 675 1807 magnique
690 1724 822 1807 potentia
835 1724 928 1805 regni,

151 1820 201 1882 Sic
215 1820 355 1904 placuere
370 1820 420 1897 ilii,
433 1821 565 1904 quamvis
576 1842 610 1882 ea
625 1834 733 1883 cuncta
743 1821 911 1904 placebant,

150 1914 194 1979 Ut
208 1939 261 1979 sua
276 1918 447 2001 progenies:
471 1931 501 1979 et
516 1916 681 1979 felicissima
699 1931 825 1978 matrum

150 2013 240 2091 Dicta
255 2014 329 2076 foret
343 2014 453 2091 Niobe,
468 2015 492 2076 si
507 2035 565 2083 non
580 2013 633 2075 sibi
648 2012 712 2075 visa
726 2012 838 2075 fuisset.

150 2109 179 2173 N
181 2133 229 2173 am
243 2126 306 2174 sata
320 2112 447 2192 Tiresid,
463 2111 578 2174 venturi
592 2111 726 2195 praescia,
740 2109 847 2173 Manto

148 2208 210 2271 Per
223 2210 336 2271 medias
351 2208 456 2286 suerat,
472 2209 571 2272 divino
585 2209 701 2272 concita
715 2223 808 2286 motu,

113 2337 117 2346 ·
150 2302 319 2369 Vaticinata
334 2307 409 2369 tias:
435 2306 627 2382 ‘Ismenides
641 2307 683 2369 ite
696 2306 876 2389 frequentes,

148 2401 189 2465 Et
204 2403 272 2466 date
288 2402 422 2479 Latonae,
437 2402 687 2489 Latonigenisque
702 2403 826 2477 duobis,

148 2500 228 2563 Cum
243 2521 332 2583 prece
347 2500 433 2563 thura
447 2499 514 2583 pia:
537 2499 679 2582 lauroque
693 2497 967 2561 innectiteecrinem.

146 2598 208 2661 Ore
223 2620 292 2661 meo
306 2598 421 2660 Latona
433 2596 540 2682 jubet.'
584 2596 724 2659 Petatur:
747 2609 778 2659 et
792 2616 895 2659 omnes
1045 2680 1048 2685 ¹
1080 2598 1120 2660 15

47 2726 51 2733 ·
146 2694 318 2757 Thebaides
329 2691 416 2779 jussis
430 2716 483 2757 sua
497 2708 630 2779 tempora
644 2694 793 2757 frondibus
806 2708 927 2758 ornant:

145 2792 308 2878 'I'huraque
323 2793 393 2855 dant
407 2794 520 2887 sanctiss
528 2806 559 2854 et
574 2793 664 2854 verba
678 2791 839 2881 precantia,
854 2791 989 2854 flaurmis.

188 2889 271 2953 Ecce
287 2890 368 2951 venit
381 2890 522 2951 comitum
538 2888 636 2951 Niobe
650 2889 841 2951 celeberrima
855 2888 952 2964 turba,

147 2986 288 3050 Vestibus
302 2987 416 3049 intexto
431 2985 569 3068 Phrygiis
583 2985 751 3066 spectabilis
765 3006 852 3046 auro:
1100 3056 1108 3065 ι

145 3084 196 3161 Ε1,
210 3098 354 3169 quantum
369 3082 501 3157 insidit,
517 3080 658 3153 formosa:
681 3102 863 3164 movensque
877 3080 985 3143 decoro
1075 3084 1119 3146 20

146 3180 226 3244 Cum
241 3181 339 3263 capite
353 3179 497 3242 immissos
512 3179 669 3240 humerum
683 3198 736 3261 per
749 3192 906 3261 utrumque
920 3178 1041 3261 capilios

146 3276 305 3340 Constitit:
329 3291 419 3361 utque
435 3277 535 3341 oculos
549 3276 727 3338 circumtulit
741 3276 800 3339 alta
814 3276 974 3357 superbos;

146 3374 243 3450 ‘Quis
258 3373 337 3437 furor
350 3374 483 3451 auditoS,'
500 3374 603 3459 inquit,
618 3380 807 3457 ‘preponere
825 3373 891 3435 visis

146 3471 316 3535 Coeiestes?
340 3486 390 3533 aut
403 3493 456 3534 cur
468 3473 574 3534 colitur
587 3471 704 3533 Latona
719 3492 773 3555 per
787 3493 868 3547 aras3

146 3567 267 3632 Numen
282 3569 378 3631 adhuc
393 3568 455 3631 sine
469 3569 554 3631 thure
567 3589 667 3631 meum
678 3571 743 3632 est?
765 3567 842 3630 Mihi
851 3567 994 3631 Tantalus
1004 3580 1115 3645 cucur,
1204 3636 1213 3653 ,
