<?xml version="1.0" encoding="UTF-8"?>
<!DOCTYPE html PUBLIC "-//W3C//DTD XHTML 1.0 Transitional//EN"
    "http://www.w3.org/TR/xhtml1/DTD/xhtml1-transitional.dtd">
<html xmlns="http://www.w3.org/1999/xhtml" xml:lang="en" lang="en">
 <head>
  <title>
</title>
<meta http-equiv="Content-Type" content="text/html;charset=utf-8" />
  <meta name='ocr-system' content='tesseract 3.04.00' />
  <meta name='ocr-capabilities' content='ocr_page ocr_carea ocr_par ocr_line ocrx_word'/>
</head>
<body>
  <div class='ocr_page' id='page_1' title='image "./excerptaexscrip01goulgoog_0152.png"; bbox 0 0 2634 4259; ppageno 0'>
   <div class='ocr_carea' id='block_1_1' title="bbox 187 335 839 397">
    <p class='ocr_par' dir='ltr' id='par_1_1' title="bbox 187 335 839 397">
     <span class='ocr_line' id='line_1_1' title="bbox 187 335 839 397; baseline -0.011 -2"><span class='ocrx_word' id='word_1_1' title='bbox 187 335 248 397; x_wconf 78' lang='lat'><strong>138</strong></span> <span class='ocrx_word' id='word_1_2' title='bbox 496 340 839 390; x_wconf 81' lang='lat' dir='ltr'><strong>uernuourrmsuou</strong></span> 
     </span>
    </p>
   </div>
   <div class='ocr_carea' id='block_1_2' title="bbox 104 487 1157 3459">
    <p class='ocr_par' dir='ltr' id='par_1_2' title="bbox 185 487 1153 1149">
     <span class='ocr_line' id='line_1_2' title="bbox 185 487 980 571; baseline -0.005 -18"><span class='ocrx_word' id='word_1_3' title='bbox 185 488 330 571; x_wconf 85' lang='lat' dir='ltr'>Corniger</span> <span class='ocrx_word' id='word_1_4' title='bbox 344 488 513 571; x_wconf 85' lang='lat' dir='ltr'><strong>exsequitur</strong></span> <span class='ocrx_word' id='word_1_5' title='bbox 529 487 654 549; x_wconf 86' lang='lat' dir='ltr'><strong>Veneris</strong></span> <span class='ocrx_word' id='word_1_6' title='bbox 672 488 828 549; x_wconf 89' lang='lat' dir='ltr'><strong>mandata:</strong></span> <span class='ocrx_word' id='word_1_7' title='bbox 851 508 980 571; x_wconf 79' lang='lat' dir='ltr'><strong>suisque,</strong></span> 
     </span>
     <span class='ocr_line' id='line_1_3' title="bbox 186 584 913 669; baseline -0.004 -21"><span class='ocrx_word' id='word_1_8' title='bbox 186 584 338 669; x_wconf 83' lang='lat' dir='ltr'><strong>Quicquid</strong></span> <span class='ocrx_word' id='word_1_9' title='bbox 352 585 382 646; x_wconf 95' lang='lat' dir='ltr'><strong>in</strong></span> <span class='ocrx_word' id='word_1_10' title='bbox 397 584 496 647; x_wconf 76' lang='lat' dir='ltr'><strong>AEneai</strong></span> <span class='ocrx_word' id='word_1_11' title='bbox 511 584 604 646; x_wconf 87' lang='lat' dir='ltr'><strong>fuerat</strong></span> <span class='ocrx_word' id='word_1_12' title='bbox 618 584 751 660; x_wconf 79' lang='lat' dir='ltr'>mortale,</span> <span class='ocrx_word' id='word_1_13' title='bbox 766 597 913 666; x_wconf 80' lang='lat' dir='ltr'><strong>repurgat,</strong></span> 
     </span>
     <span class='ocr_line' id='line_1_4' title="bbox 186 679 913 764; baseline -0.003 -21"><span class='ocrx_word' id='word_1_14' title='bbox 186 679 227 743; x_wconf 83' lang='lat' dir='ltr'><strong>Et</strong></span> <span class='ocrx_word' id='word_1_15' title='bbox 241 681 382 763; x_wconf 84' lang='lat' dir='ltr'><strong>respergit</strong></span> <span class='ocrx_word' id='word_1_16' title='bbox 396 681 488 764; x_wconf 88' lang='lat' dir='ltr'><strong>aquis.</strong></span> <span class='ocrx_word' id='word_1_17' title='bbox 532 679 606 742; x_wconf 88' lang='lat' dir='ltr'><strong>Pars</strong></span> <span class='ocrx_word' id='word_1_18' title='bbox 621 679 732 763; x_wconf 89' lang='lat' dir='ltr'><strong>optima</strong></span> <span class='ocrx_word' id='word_1_19' title='bbox 745 680 849 742; x_wconf 89' lang='lat' dir='ltr'><strong>restitit</strong></span> <span class='ocrx_word' id='word_1_20' title='bbox 862 680 913 741; x_wconf 87' lang='lat' dir='ltr'><strong>illi.</strong></span> 
     </span>
     <span class='ocr_line' id='line_1_5' title="bbox 185 774 831 858; baseline -0.005 -20"><span class='ocrx_word' id='word_1_21' title='bbox 185 776 354 838; x_wconf 88' lang='lat' dir='ltr'><strong>Lustratum</strong></span> <span class='ocrx_word' id='word_1_22' title='bbox 369 776 495 858; x_wconf 84' lang='lat' dir='ltr'><strong>genitrix</strong></span> <span class='ocrx_word' id='word_1_23' title='bbox 509 775 607 838; x_wconf 91' lang='lat' dir='ltr'><strong>divino</strong></span> <span class='ocrx_word' id='word_1_24' title='bbox 621 786 727 857; x_wconf 87' lang='lat' dir='ltr'><strong>corpus</strong></span> <span class='ocrx_word' id='word_1_25' title='bbox 741 774 831 837; x_wconf 89' lang='lat' dir='ltr'><strong>odore</strong></span> 
     </span>
     <span class='ocr_line' id='line_1_6' title="bbox 186 867 1153 949; baseline 0 -14"><span class='ocrx_word' id='word_1_26' title='bbox 186 872 291 949; x_wconf 86' lang='lat' dir='ltr'><strong>Unxit,</strong></span> <span class='ocrx_word' id='word_1_27' title='bbox 306 886 337 935; x_wconf 89' lang='lat' dir='ltr'><strong>et</strong></span> <span class='ocrx_word' id='word_1_28' title='bbox 352 872 497 935; x_wconf 69' lang='lat' dir='ltr'><strong>ambrosiis</strong></span> <span class='ocrx_word' id='word_1_29' title='bbox 509 894 578 934; x_wconf 90' lang='lat' dir='ltr'><strong>cum</strong></span> <span class='ocrx_word' id='word_1_30' title='bbox 591 872 671 933; x_wconf 87' lang='lat' dir='ltr'><strong>dulci</strong></span> <span class='ocrx_word' id='word_1_31' title='bbox 686 885 803 933; x_wconf 89' lang='lat' dir='ltr'><strong>nectare</strong></span> <span class='ocrx_word' id='word_1_32' title='bbox 817 869 913 933; x_wconf 73' lang='lat' dir='ltr'><strong>mixti</strong></span> <span class='ocrx_word' id='word_1_33' title='bbox 974 867 978 873; x_wconf 47' lang='lat'><strong><em>⁴</em></strong></span> <span class='ocrx_word' id='word_1_34' title='bbox 1061 930 1065 935; x_wconf 86' lang='lat'>.</span> <span class='ocrx_word' id='word_1_35' title='bbox 1109 873 1153 935; x_wconf 88' lang='grc'><strong>95</strong></span> 
     </span>
     <span class='ocr_line' id='line_1_7' title="bbox 186 957 982 1051; baseline -0.003 -20"><span class='ocrx_word' id='word_1_36' title='bbox 186 968 320 1050; x_wconf 89' lang='lat' dir='ltr'><strong>Contigit</strong></span> <span class='ocrx_word' id='word_1_37' title='bbox 334 990 377 1046; x_wconf 90' lang='lat' dir='ltr'><strong>os,</strong></span> <span class='ocrx_word' id='word_1_38' title='bbox 392 968 519 1051; x_wconf 82' lang='lat' dir='ltr'><strong>lecitque</strong></span> <span class='ocrx_word' id='word_1_39' title='bbox 534 968 639 1029; x_wconf 88' lang='lat' dir='ltr'><strong>deum:</strong></span> <span class='ocrx_word' id='word_1_40' title='bbox 659 989 752 1051; x_wconf 9' lang='lat' dir='ltr'><strong>*quem</strong></span> <span class='ocrx_word' id='word_1_41' title='bbox 766 957 851 1029; x_wconf 83' lang='lat' dir='ltr'><strong>turba</strong></span> <span class='ocrx_word' id='word_1_42' title='bbox 864 966 982 1039; x_wconf 82' lang='lat' dir='ltr'><strong>Quirini</strong></span> 
     </span>
     <span class='ocr_line' id='line_1_8' title="bbox 187 1060 1002 1149; baseline -0.002 -22"><span class='ocrx_word' id='word_1_43' title='bbox 187 1060 348 1149; x_wconf 86' lang='lat' dir='ltr'><strong>Nuucupat</strong></span> <span class='ocrx_word' id='word_1_44' title='bbox 362 1065 544 1147; x_wconf 83' lang='lat' dir='ltr'><strong>lndigetem3</strong></span> <span class='ocrx_word' id='word_1_45' title='bbox 566 1065 735 1148; x_wconf 89' lang='lat' dir='ltr'><strong>temploque</strong></span> <span class='ocrx_word' id='word_1_46' title='bbox 751 1064 865 1147; x_wconf 89' lang='lat' dir='ltr'><strong>arisque</strong></span> <span class='ocrx_word' id='word_1_47' title='bbox 879 1063 1002 1147; x_wconf 84' lang='lat' dir='ltr'><strong>recepit</strong></span> 
     </span>
    </p>

    <p class='ocr_par' dir='ltr' id='par_1_3' title="bbox 104 1159 1157 3459">
     <span class='ocr_line' id='line_1_9' title="bbox 229 1159 902 1237; baseline -0.003 -14"><span class='ocrx_word' id='word_1_48' title='bbox 229 1160 303 1223; x_wconf 90' lang='lat' dir='ltr'><strong>Inde</strong></span> <span class='ocrx_word' id='word_1_49' title='bbox 317 1162 372 1223; x_wconf 92' lang='lat' dir='ltr'><strong>sub</strong></span> <span class='ocrx_word' id='word_1_50' title='bbox 386 1160 507 1223; x_wconf 88' lang='lat' dir='ltr'><strong>Ascanii</strong></span> <span class='ocrx_word' id='word_1_51' title='bbox 521 1160 629 1221; x_wconf 87' lang='lat' dir='ltr'><strong>ditione</strong></span> <span class='ocrx_word' id='word_1_52' title='bbox 643 1160 798 1222; x_wconf 86' lang='lat' dir='ltr'><strong>binominis</strong></span> <span class='ocrx_word' id='word_1_53' title='bbox 813 1159 902 1237; x_wconf 88' lang='lat' dir='ltr'><strong>Alba,</strong></span> 
     </span>
     <span class='ocr_line' id='line_1_10' title="bbox 187 1255 866 1342; baseline -0.003 -23"><span class='ocrx_word' id='word_1_54' title='bbox 187 1256 310 1340; x_wconf 87' lang='lat' dir='ltr'><strong>Resque</strong></span> <span class='ocrx_word' id='word_1_55' title='bbox 324 1256 432 1319; x_wconf 85' lang='lat' dir='ltr'><strong>Latine</strong></span> <span class='ocrx_word' id='word_1_56' title='bbox 446 1256 515 1319; x_wconf 87' lang='lat' dir='ltr'><strong>suit:</strong></span> <span class='ocrx_word' id='word_1_57' title='bbox 538 1256 669 1342; x_wconf 85' lang='lat' dir='ltr'><strong>succedit</strong></span> <span class='ocrx_word' id='word_1_58' title='bbox 682 1255 791 1318; x_wconf 87' lang='lat' dir='ltr'><strong>Silvius</strong></span> <span class='ocrx_word' id='word_1_59' title='bbox 805 1256 866 1317; x_wconf 89' lang='lat' dir='ltr'><strong>illi:</strong></span> 
     </span>
     <span class='ocr_line' id='line_1_11' title="bbox 187 1351 1155 1436; baseline 0 -22"><span class='ocrx_word' id='word_1_60' title='bbox 187 1351 261 1426; x_wconf 85' lang='lat' dir='ltr'><strong>Quo</strong></span> <span class='ocrx_word' id='word_1_61' title='bbox 275 1367 365 1430; x_wconf 90' lang='lat' dir='ltr'><strong>satus,</strong></span> <span class='ocrx_word' id='word_1_62' title='bbox 376 1354 495 1436; x_wconf 85' lang='lat' dir='ltr'><strong>antiquo</strong></span> <span class='ocrx_word' id='word_1_63' title='bbox 509 1353 602 1415; x_wconf 89' lang='lat' dir='ltr'><strong>tenuit</strong></span> <span class='ocrx_word' id='word_1_64' title='bbox 616 1352 741 1435; x_wconf 88' lang='lat' dir='ltr'><strong>repetita</strong></span> <span class='ocrx_word' id='word_1_65' title='bbox 755 1351 879 1414; x_wconf 88' lang='lat' dir='ltr'><strong>Latinus</strong></span> <span class='ocrx_word' id='word_1_66' title='bbox 963 1360 969 1367; x_wconf 79' lang='grc'><em>’</em></span> <span class='ocrx_word' id='word_1_67' title='bbox 1091 1355 1155 1415; x_wconf 88' lang='grc'><strong>100</strong></span> 
     </span>
     <span class='ocr_line' id='line_1_12' title="bbox 187 1440 1127 1532; baseline -0.002 -21"><span class='ocrx_word' id='word_1_68' title='bbox 187 1447 316 1511; x_wconf 85' lang='lat' dir='ltr'><strong>Nomina</strong></span> <span class='ocrx_word' id='word_1_69' title='bbox 330 1471 399 1511; x_wconf 92' lang='lat' dir='ltr'><strong>cum</strong></span> <span class='ocrx_word' id='word_1_70' title='bbox 413 1452 540 1532; x_wconf 86' lang='lat' dir='ltr'><strong>sceptro.</strong></span> <span class='ocrx_word' id='word_1_71' title='bbox 584 1448 708 1511; x_wconf 83' lang='lat' dir='ltr'><strong>Clarum</strong></span> <span class='ocrx_word' id='word_1_72' title='bbox 721 1449 798 1511; x_wconf 91' lang='lat' dir='ltr'><strong>subit</strong></span> <span class='ocrx_word' id='word_1_73' title='bbox 813 1440 893 1509; x_wconf 88' lang='lat' dir='ltr'><strong>Alba</strong></span> <span class='ocrx_word' id='word_1_74' title='bbox 906 1446 1062 1510; x_wconf 84' lang='lat' dir='ltr'><strong>Latinum:</strong></span> <span class='ocrx_word' id='word_1_75' title='bbox 1124 1446 1127 1451; x_wconf 72' lang='grc'><strong><em>’</em></strong></span> 
     </span>
     <span class='ocr_line' id='line_1_13' title="bbox 187 1541 1085 1628; baseline -0.001 -22"><span class='ocrx_word' id='word_1_76' title='bbox 187 1543 293 1627; x_wconf 83' lang='lat' dir='ltr'><strong>Epiros</strong></span> <span class='ocrx_word' id='word_1_77' title='bbox 308 1566 347 1607; x_wconf 81' lang='lat' dir='ltr'><strong>ex</strong></span> <span class='ocrx_word' id='word_1_78' title='bbox 361 1545 413 1607; x_wconf 94' lang='lat' dir='ltr'><strong>illo</strong></span> <span class='ocrx_word' id='word_1_79' title='bbox 425 1558 486 1607; x_wconf 86' lang='lat' dir='ltr'><strong>est:</strong></span> <span class='ocrx_word' id='word_1_80' title='bbox 510 1546 669 1628; x_wconf 88' lang='lat' dir='ltr'><strong>posthunc</strong></span> <span class='ocrx_word' id='word_1_81' title='bbox 684 1543 888 1628; x_wconf 86' lang='lat' dir='ltr'><strong>Capetusque,</strong></span> <span class='ocrx_word' id='word_1_82' title='bbox 903 1541 1085 1627; x_wconf 81' lang='lat' dir='ltr'><strong>Capysque3</strong></span> 
     </span>
     <span class='ocr_line' id='line_1_14' title="bbox 188 1638 1009 1723; baseline -0.001 -21"><span class='ocrx_word' id='word_1_83' title='bbox 188 1640 249 1702; x_wconf 87' lang='lat' dir='ltr'><strong>Sed</strong></span> <span class='ocrx_word' id='word_1_84' title='bbox 264 1640 368 1723; x_wconf 83' lang='lat' dir='ltr'><strong>Capys</strong></span> <span class='ocrx_word' id='word_1_85' title='bbox 383 1640 450 1703; x_wconf 74' lang='lat' dir='ltr'><strong>ante</strong></span> <span class='ocrx_word' id='word_1_86' title='bbox 466 1640 531 1703; x_wconf 85' lang='lat' dir='ltr'><strong>fuit.</strong></span> <span class='ocrx_word' id='word_1_87' title='bbox 575 1640 715 1721; x_wconf 89' lang='lat' dir='ltr'><strong>Regnum</strong></span> <span class='ocrx_word' id='word_1_88' title='bbox 728 1638 887 1702; x_wconf 82' lang='lat' dir='ltr'><strong>Tiberinus</strong></span> <span class='ocrx_word' id='word_1_89' title='bbox 902 1640 940 1702; x_wconf 89' lang='lat' dir='ltr'><strong>ab</strong></span> <span class='ocrx_word' id='word_1_90' title='bbox 953 1638 1009 1701; x_wconf 89' lang='lat' dir='ltr'><strong>illis</strong></span> 
     </span>
     <span class='ocr_line' id='line_1_15' title="bbox 187 1734 907 1819; baseline -0.006 -19"><span class='ocrx_word' id='word_1_91' title='bbox 187 1735 280 1819; x_wconf 89' lang='lat' dir='ltr'><strong>Cepit</strong></span> <span class='ocrx_word' id='word_1_92' title='bbox 288 1758 297 1813; x_wconf 93' lang='lat'>;</span> <span class='ocrx_word' id='word_1_93' title='bbox 319 1750 350 1799; x_wconf 89' lang='lat' dir='ltr'><strong>et</strong></span> <span class='ocrx_word' id='word_1_94' title='bbox 363 1736 393 1798; x_wconf 90' lang='lat' dir='ltr'><strong>iu</strong></span> <span class='ocrx_word' id='word_1_95' title='bbox 407 1735 501 1799; x_wconf 86' lang='lat' dir='ltr'><strong>Tusci</strong></span> <span class='ocrx_word' id='word_1_96' title='bbox 516 1736 665 1797; x_wconf 90' lang='lat' dir='ltr'><strong>demersus</strong></span> <span class='ocrx_word' id='word_1_97' title='bbox 681 1735 807 1798; x_wconf 89' lang='lat' dir='ltr'><strong>fluminis</strong></span> <span class='ocrx_word' id='word_1_98' title='bbox 820 1734 907 1797; x_wconf 91' lang='lat' dir='ltr'><strong>undis</strong></span> 
     </span>
     <span class='ocr_line' id='line_1_16' title="bbox 187 1828 1156 1916; baseline -0.002 -21"><span class='ocrx_word' id='word_1_99' title='bbox 187 1831 317 1896; x_wconf 86' lang='lat' dir='ltr'><strong>Nomina</strong></span> <span class='ocrx_word' id='word_1_100' title='bbox 330 1831 399 1894; x_wconf 83' lang='lat' dir='ltr'><strong>lecit</strong></span> <span class='ocrx_word' id='word_1_101' title='bbox 413 1854 507 1916; x_wconf 74' lang='lat' dir='ltr'><strong>aquae.</strong></span> <span class='ocrx_word' id='word_1_102' title='bbox 551 1830 602 1894; x_wconf 89' lang='lat' dir='ltr'><strong>De</strong></span> <span class='ocrx_word' id='word_1_103' title='bbox 618 1852 677 1915; x_wconf 96' lang='lat' dir='ltr'><strong>quo</strong></span> <span class='ocrx_word' id='word_1_104' title='bbox 692 1831 908 1913; x_wconf 87' lang='lat' dir='ltr'><strong>Remulusque,</strong></span> <span class='ocrx_word' id='word_1_105' title='bbox 922 1828 1067 1916; x_wconf 69' lang='lat' dir='ltr'><strong>ferosque</strong></span> <span class='ocrx_word' id='word_1_106' title='bbox 1094 1831 1156 1893; x_wconf 85' lang='lat'><strong>105</strong></span> 
     </span>
     <span class='ocr_line' id='line_1_17' title="bbox 187 1926 1028 2011; baseline -0.002 -20"><span class='ocrx_word' id='word_1_107' title='bbox 187 1929 299 1991; x_wconf 86' lang='lat' dir='ltr'><strong>Acrota</strong></span> <span class='ocrx_word' id='word_1_108' title='bbox 313 1942 379 1991; x_wconf 92' lang='lat' dir='ltr'><strong>sunt</strong></span> <span class='ocrx_word' id='word_1_109' title='bbox 394 1928 502 2011; x_wconf 85' lang='lat' dir='ltr'><strong>geniti:</strong></span> <span class='ocrx_word' id='word_1_110' title='bbox 526 1926 674 1990; x_wconf 88' lang='lat' dir='ltr'><strong>Remulus</strong></span> <span class='ocrx_word' id='word_1_111' title='bbox 688 1928 826 1990; x_wconf 87' lang='lat' dir='ltr'><strong>maturior</strong></span> <span class='ocrx_word' id='word_1_112' title='bbox 840 1926 923 1989; x_wconf 89' lang='lat' dir='ltr'><strong>annis</strong></span> <span class='ocrx_word' id='word_1_113' title='bbox 1012 1945 1028 1964; x_wconf 66' lang='lat'><strong><em>³</em></strong></span> 
     </span>
     <span class='ocr_line' id='line_1_18' title="bbox 188 2024 836 2109; baseline -0.003 -22"><span class='ocrx_word' id='word_1_114' title='bbox 188 2024 346 2088; x_wconf 85' lang='lat' dir='ltr'><strong>Fulmineo</strong></span> <span class='ocrx_word' id='word_1_115' title='bbox 360 2025 457 2109; x_wconf 86' lang='lat' dir='ltr'><strong>periit,</strong></span> <span class='ocrx_word' id='word_1_116' title='bbox 472 2026 598 2087; x_wconf 83' lang='lat' dir='ltr'><strong>imitator</strong></span> <span class='ocrx_word' id='word_1_117' title='bbox 612 2024 751 2101; x_wconf 80' lang='lat' dir='ltr'><strong>fulminis,</strong></span> <span class='ocrx_word' id='word_1_118' title='bbox 766 2024 836 2087; x_wconf 90' lang='lat' dir='ltr'><strong>ictu.</strong></span> 
     </span>
     <span class='ocr_line' id='line_1_19' title="bbox 187 2118 1034 2203; baseline -0.008 -20"><span class='ocrx_word' id='word_1_119' title='bbox 187 2120 292 2183; x_wconf 85' lang='lat' dir='ltr'><strong>Fratre</strong></span> <span class='ocrx_word' id='word_1_120' title='bbox 307 2144 361 2183; x_wconf 91' lang='lat' dir='ltr'><strong>suo</strong></span> <span class='ocrx_word' id='word_1_121' title='bbox 375 2136 523 2203; x_wconf 88' lang='lat' dir='ltr'><strong>sceptrum</strong></span> <span class='ocrx_word' id='word_1_122' title='bbox 538 2120 714 2182; x_wconf 87' lang='lat' dir='ltr'><strong>moderatior</strong></span> <span class='ocrx_word' id='word_1_123' title='bbox 727 2120 839 2182; x_wconf 85' lang='lat' dir='ltr'><strong>Acrota</strong></span> <span class='ocrx_word' id='word_1_124' title='bbox 852 2118 919 2182; x_wconf 82' lang='lat' dir='ltr'><strong>sorti</strong></span> <span class='ocrx_word' id='word_1_125' title='bbox 1030 2172 1034 2175; x_wconf 84' lang='lat'>.</span> 
     </span>
     <span class='ocr_line' id='line_1_20' title="bbox 186 2214 949 2299; baseline -0.003 -21"><span class='ocrx_word' id='word_1_126' title='bbox 186 2215 292 2278; x_wconf 90' lang='lat' dir='ltr'><strong>Tradit</strong></span> <span class='ocrx_word' id='word_1_127' title='bbox 307 2216 473 2278; x_wconf 90' lang='lat' dir='ltr'><strong>Aventino:</strong></span> <span class='ocrx_word' id='word_1_128' title='bbox 498 2216 547 2299; x_wconf 90' lang='lat' dir='ltr'><strong>qui</strong></span> <span class='ocrx_word' id='word_1_129' title='bbox 563 2236 622 2298; x_wconf 92' lang='lat' dir='ltr'><strong>quo</strong></span> <span class='ocrx_word' id='word_1_130' title='bbox 635 2214 781 2296; x_wconf 72' lang='lat' dir='ltr'><strong>regndrat,</strong></span> <span class='ocrx_word' id='word_1_131' title='bbox 796 2214 901 2277; x_wconf 87' lang='lat' dir='ltr'><strong>eodem</strong></span> <span class='ocrx_word' id='word_1_132' title='bbox 945 2215 949 2219; x_wconf 56' lang='grc'>“</span> 
     </span>
     <span class='ocr_line' id='line_1_21' title="bbox 187 2306 1157 2397; baseline 0 -22"><span class='ocrx_word' id='word_1_133' title='bbox 187 2312 293 2376; x_wconf 90' lang='lat' dir='ltr'><strong>Monte</strong></span> <span class='ocrx_word' id='word_1_134' title='bbox 304 2312 385 2397; x_wconf 85' lang='lat' dir='ltr'><strong>jacet</strong></span> <span class='ocrx_word' id='word_1_135' title='bbox 400 2306 529 2395; x_wconf 87' lang='lat' dir='ltr'><strong>positus;</strong></span> <span class='ocrx_word' id='word_1_136' title='bbox 550 2311 707 2395; x_wconf 89' lang='lat' dir='ltr'><strong>tribuitque</strong></span> <span class='ocrx_word' id='word_1_137' title='bbox 722 2310 866 2373; x_wconf 87' lang='lat' dir='ltr'><strong>vocabula</strong></span> <span class='ocrx_word' id='word_1_138' title='bbox 881 2310 985 2373; x_wconf 89' lang='lat' dir='ltr'><strong>monti.</strong></span> <span class='ocrx_word' id='word_1_139' title='bbox 1095 2313 1157 2375; x_wconf 90' lang='grc'><strong>110</strong></span> 
     </span>
     <span class='ocr_line' id='line_1_22' title="bbox 104 2406 1000 2497; baseline 0 -26"><span class='ocrx_word' id='word_1_140' title='bbox 104 2494 106 2497; x_wconf 16' lang='lat'>¹</span> <span class='ocrx_word' id='word_1_141' title='bbox 186 2408 314 2493; x_wconf 89' lang='lat' dir='ltr'><strong>Jamque</strong></span> <span class='ocrx_word' id='word_1_142' title='bbox 329 2408 469 2471; x_wconf 80' lang='lat' dir='ltr'><strong>Palatinae</strong></span> <span class='ocrx_word' id='word_1_143' title='bbox 484 2429 629 2471; x_wconf 92' lang='lat' dir='ltr'><strong>summam</strong></span> <span class='ocrx_word' id='word_1_144' title='bbox 644 2406 741 2471; x_wconf 86' lang='lat' dir='ltr'><strong>Proca</strong></span> <span class='ocrx_word' id='word_1_145' title='bbox 754 2408 849 2490; x_wconf 89' lang='lat' dir='ltr'><strong>gentis</strong></span> <span class='ocrx_word' id='word_1_146' title='bbox 862 2406 1000 2471; x_wconf 85' lang='lat' dir='ltr'><strong>habebat.</strong></span> 
     </span>
     <span class='ocr_line' id='line_1_23' title="bbox 105 2502 963 2587; baseline 0.006 -24"><span class='ocrx_word' id='word_1_147' title='bbox 105 2554 110 2563; x_wconf 92' lang='lat'><strong>.</strong></span> <span class='ocrx_word' id='word_1_148' title='bbox 162 2506 164 2511; x_wconf 82' lang='lat'>&#39;</span> <span class='ocrx_word' id='word_1_149' title='bbox 187 2502 274 2587; x_wconf 89' lang='lat' dir='ltr'><strong>Rege</strong></span> <span class='ocrx_word' id='word_1_150' title='bbox 289 2506 344 2568; x_wconf 90' lang='lat' dir='ltr'><strong>sub</strong></span> <span class='ocrx_word' id='word_1_151' title='bbox 359 2506 416 2567; x_wconf 70' lang='lat' dir='ltr'><strong>hoc·</strong></span> <span class='ocrx_word' id='word_1_152' title='bbox 429 2504 565 2570; x_wconf 85' lang='lat' dir='ltr'><strong>Pomona</strong></span> <span class='ocrx_word' id='word_1_153' title='bbox 579 2504 650 2567; x_wconf 82' lang='lat' dir='ltr'><strong>fuit:</strong></span> <span class='ocrx_word' id='word_1_154' title='bbox 674 2504 734 2587; x_wconf 73' lang='lat' dir='ltr'><strong>qual</strong></span> <span class='ocrx_word' id='word_1_155' title='bbox 747 2504 828 2567; x_wconf 92' lang='lat' dir='ltr'><strong>nulla</strong></span> <span class='ocrx_word' id='word_1_156' title='bbox 841 2504 963 2567; x_wconf 82' lang='lat' dir='ltr'><strong>Latinas</strong></span> 
     </span>
     <span class='ocr_line' id='line_1_24' title="bbox 187 2600 894 2683; baseline 0 -19"><span class='ocrx_word' id='word_1_157' title='bbox 187 2602 268 2664; x_wconf 90' lang='lat' dir='ltr'><strong>lnter</strong></span> <span class='ocrx_word' id='word_1_158' title='bbox 282 2601 507 2683; x_wconf 82' lang='lat' dir='ltr'><strong>Hamadryadas</strong></span> <span class='ocrx_word' id='word_1_159' title='bbox 521 2602 611 2663; x_wconf 88' lang='lat' dir='ltr'><strong>coluit</strong></span> <span class='ocrx_word' id='word_1_160' title='bbox 625 2600 770 2663; x_wconf 77' lang='lat' dir='ltr'><strong>sollertius</strong></span> <span class='ocrx_word' id='word_1_161' title='bbox 783 2601 894 2679; x_wconf 88' lang='lat' dir='ltr'><strong>hortos,</strong></span> 
     </span>
     <span class='ocr_line' id='line_1_25' title="bbox 187 2696 843 2761; baseline -0.002 0"><span class='ocrx_word' id='word_1_162' title='bbox 187 2698 254 2761; x_wconf 89' lang='lat' dir='ltr'><strong>Nec</strong></span> <span class='ocrx_word' id='word_1_163' title='bbox 270 2696 324 2759; x_wconf 86' lang='lat' dir='ltr'><strong>fuit</strong></span> <span class='ocrx_word' id='word_1_164' title='bbox 339 2697 450 2759; x_wconf 87' lang='lat' dir='ltr'><strong>arborei</strong></span> <span class='ocrx_word' id='word_1_165' title='bbox 465 2697 619 2760; x_wconf 84' lang='lat' dir='ltr'><strong>studiosior</strong></span> <span class='ocrx_word' id='word_1_166' title='bbox 633 2697 723 2759; x_wconf 89' lang='lat' dir='ltr'><strong>altera</strong></span> <span class='ocrx_word' id='word_1_167' title='bbox 737 2696 843 2760; x_wconf 79' lang='lat' dir='ltr'><strong>loetlrs:</strong></span> 
     </span>
     <span class='ocr_line' id='line_1_26' title="bbox 186 2792 1156 2872; baseline -0.002 -14"><span class='ocrx_word' id='word_1_168' title='bbox 186 2794 276 2857; x_wconf 92' lang='lat' dir='ltr'><strong>Unde</strong></span> <span class='ocrx_word' id='word_1_169' title='bbox 292 2806 374 2856; x_wconf 88' lang='lat' dir='ltr'><strong>tenet</strong></span> <span class='ocrx_word' id='word_1_170' title='bbox 387 2813 507 2855; x_wconf 91' lang='lat' dir='ltr'><strong>nomen.</strong></span> <span class='ocrx_word' id='word_1_171' title='bbox 553 2792 724 2857; x_wconf 84' lang='lat' dir='ltr'><strong>Non-silvas</strong></span> <span class='ocrx_word' id='word_1_172' title='bbox 739 2793 799 2872; x_wconf 91' lang='lat' dir='ltr'><strong>illa,</strong></span> <span class='ocrx_word' id='word_1_173' title='bbox 814 2816 871 2857; x_wconf 92' lang='lat' dir='ltr'><strong>nec</strong></span> <span class='ocrx_word' id='word_1_174' title='bbox 888 2815 1008 2872; x_wconf 82' lang='lat' dir='ltr'><strong>amnes3</strong></span> <span class='ocrx_word' id='word_1_175' title='bbox 1095 2794 1156 2857; x_wconf 89' lang='lat'><strong>115</strong></span> 
     </span>
     <span class='ocr_line' id='line_1_27' title="bbox 187 2880 889 2975; baseline 0.001 -22"><span class='ocrx_word' id='word_1_176' title='bbox 187 2890 253 2953; x_wconf 93' lang='lat' dir='ltr'><strong>Rus</strong></span> <span class='ocrx_word' id='word_1_177' title='bbox 269 2904 357 2966; x_wconf 89' lang='lat' dir='ltr'><strong>amat,</strong></span> <span class='ocrx_word' id='word_1_178' title='bbox 372 2904 403 2951; x_wconf 89' lang='lat' dir='ltr'><strong>et</strong></span> <span class='ocrx_word' id='word_1_179' title='bbox 417 2908 523 2967; x_wconf 85' lang='lat' dir='ltr'><strong>ramos,</strong></span> <span class='ocrx_word' id='word_1_180' title='bbox 536 2888 633 2975; x_wconf 80' lang='lat' dir='ltr'><strong>felicia</strong></span> <span class='ocrx_word' id='word_1_181' title='bbox 647 2910 737 2973; x_wconf 91' lang='lat' dir='ltr'><strong>poma</strong></span> <span class='ocrx_word' id='word_1_182' title='bbox 751 2880 889 2954; x_wconf 83' lang='lat' dir='ltr'><strong>serentes.</strong></span> 
     </span>
     <span class='ocr_line' id='line_1_28' title="bbox 183 2986 986 3073; baseline 0.001 -22"><span class='ocrx_word' id='word_1_183' title='bbox 183 2988 254 3051; x_wconf 86' lang='lat' dir='ltr'><strong>Nec</strong></span> <span class='ocrx_word' id='word_1_184' title='bbox 265 2988 365 3073; x_wconf 86' lang='lat' dir='ltr'><strong>jaculo</strong></span> <span class='ocrx_word' id='word_1_185' title='bbox 379 2986 474 3069; x_wconf 88' lang='lat' dir='ltr'><strong>gravis</strong></span> <span class='ocrx_word' id='word_1_186' title='bbox 490 3000 544 3064; x_wconf 89' lang='lat' dir='ltr'><strong>est,</strong></span> <span class='ocrx_word' id='word_1_187' title='bbox 558 2988 611 3049; x_wconf 89' lang='lat' dir='ltr'><strong>sed</strong></span> <span class='ocrx_word' id='word_1_188' title='bbox 626 2986 742 3049; x_wconf 68' lang='lat' dir='ltr'><strong>adunci</strong></span> <span class='ocrx_word' id='word_1_189' title='bbox 755 2987 878 3050; x_wconf 85' lang='lat' dir='ltr'><strong>dextera</strong></span> <span class='ocrx_word' id='word_1_190' title='bbox 892 2987 986 3052; x_wconf 87' lang='lat' dir='ltr'><strong>falce:</strong></span> 
     </span>
     <span class='ocr_line' id='line_1_29' title="bbox 188 3084 994 3168; baseline -0.002 -19"><span class='ocrx_word' id='word_1_191' title='bbox 188 3085 262 3158; x_wconf 78' lang='lat' dir='ltr'><strong>Qut</strong></span> <span class='ocrx_word' id='word_1_192' title='bbox 276 3084 526 3147; x_wconf 77' lang='lat' dir='ltr'><strong>modb&#39;luxuriem</strong></span> <span class='ocrx_word' id='word_1_193' title='bbox 541 3084 659 3167; x_wconf 92' lang='lat' dir='ltr'><strong>premit,</strong></span> <span class='ocrx_word' id='word_1_194' title='bbox 674 3097 705 3145; x_wconf 90' lang='lat' dir='ltr'><strong>et</strong></span> <span class='ocrx_word' id='word_1_195' title='bbox 718 3084 872 3168; x_wconf 84' lang='lat' dir='ltr'><strong>spatiantia</strong></span> <span class='ocrx_word' id='word_1_196' title='bbox 886 3085 994 3167; x_wconf 87' lang='lat' dir='ltr'><strong>passim</strong></span> 
     </span>
     <span class='ocr_line' id='line_1_30' title="bbox 188 3180 952 3267; baseline -0.004 -22"><span class='ocrx_word' id='word_1_197' title='bbox 188 3182 316 3245; x_wconf 85' lang='lat' dir='ltr'><strong>Brachia</strong></span> <span class='ocrx_word' id='word_1_198' title='bbox 330 3182 508 3264; x_wconf 88' lang='lat' dir='ltr'><strong>compescit:</strong></span> <span class='ocrx_word' id='word_1_199' title='bbox 531 3180 598 3243; x_wconf 66' lang='lat' dir='ltr'><strong>&#39;fissi</strong></span> <span class='ocrx_word' id='word_1_200' title='bbox 611 3180 701 3243; x_wconf 83' lang='lat' dir='ltr'><strong>modb</strong></span> <span class='ocrx_word' id='word_1_201' title='bbox 716 3182 825 3243; x_wconf 88' lang='lat' dir='ltr'><strong>cortice</strong></span> <span class='ocrx_word' id='word_1_202' title='bbox 840 3180 952 3267; x_wconf 86' lang='lat' dir='ltr'><strong>virgam</strong></span> 
     </span>
     <span class='ocr_line' id='line_1_31' title="bbox 189 3276 1157 3358; baseline -0.001 -17"><span class='ocrx_word' id='word_1_203' title='bbox 189 3278 349 3355; x_wconf 64' lang='lat' dir='ltr'><strong>lnserit‚‚et</strong></span> <span class='ocrx_word' id='word_1_204' title='bbox 364 3299 466 3340; x_wconf 91' lang='lat' dir='ltr'><strong>succos</strong></span> <span class='ocrx_word' id='word_1_205' title='bbox 483 3276 578 3339; x_wconf 87' lang='lat' dir='ltr'><strong>alieno</strong></span> <span class='ocrx_word' id='word_1_206' title='bbox 593 3290 709 3358; x_wconf 82' lang='lat' dir='ltr'><strong>praestat</strong></span> <span class='ocrx_word' id='word_1_207' title='bbox 724 3277 853 3340; x_wconf 87' lang='lat' dir='ltr'><strong>alumno.</strong></span> <span class='ocrx_word' id='word_1_208' title='bbox 1096 3278 1157 3341; x_wconf 71' lang='lat'><strong>120</strong></span> 
     </span>
     <span class='ocr_line' id='line_1_32' title="bbox 190 3372 945 3459; baseline -0.003 -21"><span class='ocrx_word' id='word_1_209' title='bbox 190 3374 255 3438; x_wconf 88' lang='lat' dir='ltr'><strong>Nec</strong></span> <span class='ocrx_word' id='word_1_210' title='bbox 271 3376 379 3459; x_wconf 89' lang='lat' dir='ltr'><strong>patitur</strong></span> <span class='ocrx_word' id='word_1_211' title='bbox 393 3375 499 3437; x_wconf 89' lang='lat' dir='ltr'><strong>sentire</strong></span> <span class='ocrx_word' id='word_1_212' title='bbox 514 3373 607 3435; x_wconf 89' lang='lat' dir='ltr'><strong>sitim:</strong></span> <span class='ocrx_word' id='word_1_213' title='bbox 630 3372 794 3457; x_wconf 79' lang='lat' dir='ltr'><strong>bibulaque</strong></span> <span class='ocrx_word' id='word_1_214' title='bbox 810 3394 945 3436; x_wconf 89' lang='lat' dir='ltr'><strong>recurvas</strong></span> 
     </span>
    </p>
   </div>
   <div class='ocr_carea' id='block_1_3' title="bbox 190 3469 808 3553">
    <p class='ocr_par' dir='ltr' id='par_1_4' title="bbox 190 3469 808 3553">
     <span class='ocr_line' id='line_1_33' title="bbox 190 3469 808 3553; baseline -0.003 -19"><span class='ocrx_word' id='word_1_215' title='bbox 190 3470 311 3535; x_wconf 84' lang='lat' dir='ltr'><strong>Radicis</strong></span> <span class='ocrx_word' id='word_1_216' title='bbox 325 3472 411 3534; x_wconf 88' lang='lat' dir='ltr'><strong>fibras</strong></span> <span class='ocrx_word' id='word_1_217' title='bbox 425 3470 588 3533; x_wconf 84' lang='lat' dir='ltr'><strong>labentibus</strong></span> <span class='ocrx_word' id='word_1_218' title='bbox 601 3469 698 3553; x_wconf 86' lang='lat' dir='ltr'><strong>irrigat</strong></span> <span class='ocrx_word' id='word_1_219' title='bbox 712 3470 808 3532; x_wconf 92' lang='lat' dir='ltr'><strong>undis.</strong></span> 
     </span>
    </p>
   </div>
   <div class='ocr_carea' id='block_1_4' title="bbox 0 0 1327 4259">
    <p class='ocr_par' dir='ltr' id='par_1_5' title="bbox 0 0 1327 4259">
     <span class='ocr_line' id='line_1_34' title="bbox 0 0 1327 4259; baseline 0 0"><span class='ocrx_word' id='word_1_220' title='bbox 0 0 1327 4259; x_wconf 95' lang='lat' dir='ltr'><strong> </strong></span> 
     </span>
    </p>
   </div>
  </div>
 </body>
</html>
