2634 4259
518 382 692 447 ualerent
714 384 788 433 x111.

689 482 705 507 O

164 525 222 593 His
237 550 294 612 ego
309 528 473 605 te·viotam,
487 526 734 616 consorsLedaea
747 526 892 607 gemeliis,

208 627 349 710 Suspicor
359 620 375 688 :¹
389 626 453 687 haec
470 624 583 687 Danais
598 645 685 708 posse
700 644 808 686 nocere
823 637 907 707 puto.

164 722 297 787 Hectora
310 724 412 785 nescio
427 744 514 806 quem
531 723 632 784 timeo.
677 721 766 783 Baris
781 720 914 783 Hectora
929 721 1003 784 dixit

206 820 317 884 Ferrea
331 819 492 901 sanguinei
504 807 583 881 heila
597 839 718 907 movere
733 840 833 880 manu.

163 916 306 994 Hectora,
321 917 450 1001 quisquis
465 916 489 978 is
504 930 558 993 est,
573 915 597 978 si
612 937 677 977 sum
694 915 745 977 tibi
760 936 838 992 cara,
853 929 969 985 caveto.
1003 960 1007 997 :

206 1014 360 1096 Signatum
376 1014 498 1075 memori
513 1000 760 1096 pectorenonren
775 1011 863 1074 habe.

163 1108 255 1173 Hunc
271 1110 320 1172 ubi
334 1109 444 1185 vitaris,
460 1110 531 1171 alios
548 1110 640 1171 vitare
656 1122 827 1187 memento:

207 1206 249 1268 Et
265 1208 372 1268 multos
387 1206 446 1270 iilic
462 1204 608 1269 Hectoras
624 1227 689 1267 esse
704 1220 787 1288 puta.

163 1298 206 1365 Et
220 1302 308 1366 facito
322 1302 412 1379 dicas,
429 1303 544 1388 qpoties
558 1323 690 1387 pugnare
705 1302 831 1385 parabiS,
880 1306 889 1313 ’

206 1398 352 1462 ‘Parcere
367 1422 415 1461 me
427 1399 514 1483 jussit
528 1399 691 1461 Laodamia
707 1400 782 1461 sibi.’
877 1474 885 1489 ·

163 1496 197 1559 Si
212 1497 318 1559 cadere
336 1496 475 1579 Argolico
491 1495 533 1557 sas
549 1509 594 1557 est
608 1496 664 1557 sub
678 1493 769 1557 milite
785 1495 928 1581 Trojam;
948 1491 953 1495 ⁴

203 1592 388 1677 Tequoque
403 1614 461 1655 non
477 1594 571 1655 ullum
587 1593 694 1671 vulnus
708 1594 835 1656 habente
850 1592 947 1656 cadat.
977 1647 982 1655 .

163 1689 294 1771 Pugnet,
309 1705 340 1753 et
355 1691 491 1753 adversos
506 1692 608 1753 tendat
623 1679 781 1767 Menelaus
796 1687 826 1753 in
841 1687 961 1753 hostes:

96 1842 100 1849 .
150 1809 156 1822 ·
205 1784 250 1849 Ut
263 1786 356 1870 rapiat
370 1787 493 1863 Paridit,
510 1809 597 1870 quam
612 1786 697 1849 Paris
712 1789 780 1850 autc
795 1788 859 1849 sint·

162 1882 277 1960 irruat3
300 1898 331 1946 et
344 1883 435 1967 causi
450 1900 540 1967 quem
555 1884 656 1959 vincit,
673 1884 770 1945 'vincat
785 1898 815 1946 et
830 1884 929 1945 annis.
1013 1919 1017 1925 ·
1075 1911 1079 1917 ·

206 1979 348 2043 Hostibus
359 2002 381 2051 ⁴e
396 1981 501 2042 mediis
516 1994 607 2063 nupta
623 1981 753 2063 petenda
769 1981 832 2042 viro
845 1995 901 2043 est.
997 1966 1013 1995 ⁶

162 2075 263 2141 Causa
278 2082 333 2140 tua‘
343 2091 387 2139 est
403 2076 532 2163 dispar..
554 2076 604 2139 Tu
621 2078 735 2140 tantiam
751 2078 850 2159 vivere
864 2099 974 2163 pugna,

206 2174 302 2258 Inque
319 2175 382 2257 pios
397 2175 522 2239 dorninae
537 2197 624 2263 posse
639 2177 735 2237 redire
751 2176 842 2238 sinus.

163 2270 292 2351 Parcite,
309 2271 496 2349 Dardanide,
512 2272 549 2334 de
564 2286 608 2335 tot
625 2271 759 2358 (precor)
777 2272 908 2336 hostibus
921 2274 990 2335 uni:

206 2367 255 2431 Ne
270 2390 354 2432 meus
369 2390 408 2431 ex
424 2370 472 2431 illo
487 2390 612 2451 corpore
626 2370 742 2450 sanguis
757 2383 816 2431 eat.

164 2464 253 2529 Nunc
268 2462 378 2543 sa'teor;
401 2466 479 2527 volui
494 2482 652 2541 revocare3
676 2466 849 2549 animusque
864 2466 976 2532 serebat
984 2490 997 2547 p

207 2561 341 2627 Substitit
355 2554 476 2646 auspicii
492 2563 590 2645 lingua
606 2562 709 2625 timore
726 2559 806 2625 mali.

164 2659 246 2723 Ciam
260 2659 368 2723 foribus
384 2646 477 2721 velles
492 2642 529 2721 ad
544 2659 667 2745 Trojarn
683 2660 765 2721 exire
780 2662 919 2744 paternis,

205 2753 267 2818 Pes
283 2773 350 2819 tuus
365 2757 479 2821 offenso
493 2757 593 2819 limine
609 2757 691 2839 signa
707 2757 799 2820 dedit.

163 2852 208 2916 Ut
224 2854 293 2931 vidi,
309 2868 341 2916 ut
354 2854 471 2935 gemui;
494 2854 641 2937 tacitoque
657 2854 686 2915 in
702 2867 822 2937 pectore
837 2855 916 2941 dixi:

207 2950 317 3032 ‘Signa
331 2951 474 3012 reversuri
490 2951 557 3027 sint,
572 2972 687 3033 precor,
701 2951 756 3012 ista
771 2952 846 3028 viri!

164 3046 239 3110 Haec
253 3048 305 3110 tibi
319 3070 398 3110 nunc
412 3046 519 3125 resero,
533 3069 571 3137 ne
586 3048 624 3109 sis
640 3048 788 3109 animosus
803 3048 832 3110 in
846 3049 951 3111 armis:

206 3144 270 3207 Fac
285 3166 370 3207 meus
385 3145 413 3207 in
433 3158 535 3207 ventos
551 3144 598 3207 bic
614 3145 701 3207 timor
715 3144 810 3207 omnis
825 3159 883 3207 eat.

164 3241 237 3305 Sors
250 3262 368 3325 quoque
383 3242 483 3303 nescio
499 3263 587 3325 quern
604 3240 664 3303 sato
679 3241 813 3323 designat
827 3243 936 3326 iniquo,

207 3337 271 3412 Qui
286 3339 396 3421 primus
411 3338 550 3401 Danatim
565 3338 684 3401 Troada
700 3352 800 3421 tangat
814 3341 947 3403 humum.

164 3434 285 3512 Infelix,
300 3457 364 3518 quae
380 3436 471 3519 prima
487 3435 580 3497 virum
597 3436 708 3518 lugebit
721 3437 909 3520 ademptum!

208 3531 251 3594 Di
265 3530 383 3608 faciant,
398 3554 435 3595 ne
451 3547 482 3594 tu
498 3547 632 3596 strenuus
647 3555 713 3595 esse
729 3533 820 3595 velis!
