2634 4259
185 406 235 490 70,
499 405 846 461 METAMORPHOSEON

90 554 92 557 ·
186 557 253 623 nec
266 559 345 621 ceu
359 558 413 621 nar
427 522 505 621 sene
519 558 612 621 mur
656 558 718 620 eeu
733 571 812 619 tana
826 556 937 640 cupreo

186 654 218 719 Si
232 655 285 719 tibi
299 655 428 731 discidii3
451 668 565 739 repetat
580 655 758 737 Proserpina
773 654 900 717 coelum:

185 750 270 833 Lege
285 764 384 813 tamen
398 751 498 827 certi3
519 752 543 813 si
559 752 653 814 nullos
667 752 789 833 contigit
803 751 863 813 illic
906 764 909 769 '

77 917 81 922 ,
184 846 247 910 Ore
261 847 358 911 cibos:
382 869 451 910 nam
465 848 507 911 sic
523 847 683 910 Parcarum
697 848 809 909 soedere
823 860 943 910 cautum
962 846 1028 908 est.'

228 934 363 1023 Dixerat.
409 945 452 1007 At
466 943 571 1008 Cereri
585 959 700 1008 certum
715 958 760 1006 est
774 945 901 1007 educere
915 958 1026 1006 natam.
1095 948 1159 1008 3¹10

185 1038 254 1104 Nou
271 1041 310 1103 ita
325 1040 383 1105 fata
397 1041 510 1103 sinunt:
535 1042 674 1125 quoniam
684 1040 798 1125 jejunia
812 1040 894 1122 virgo
1022 1049 1025 1055 '

119 1176 125 1187 ·
185 1137 336 1204 Solverat:
359 1151 399 1215 et,
413 1139 501 1201 cultis
515 1138 588 1201 dum
600 1138 728 1221 simplex
743 1151 819 1199 errat
833 1138 861 1198 in
877 1138 977 1214 hortis,

184 1232 361 1296 Poeniceum
375 1234 467 1296 curva
481 1234 667 1317 decerpserat
683 1235 784 1296 arbore
802 1255 941 1316 pomum:

184 1328 369 1414 Sumptaque
384 1330 505 1414 pallenti
520 1344 634 1414 septem
650 1330 688 1391 de
703 1330 811 1392 cortice
826 1352 916 1412 grana
955 1320 960 1327 ¹

183 1425 335 1489 Presserat
350 1448 400 1515 ore
416 1448 487 1489 suo:
510 1428 648 1510 solusque
664 1448 703 1489 er
718 1427 851 1488 omnihus
866 1426 936 1488 illud
992 1500 995 1508 ,
1093 1430 1159 1491 375

184 1521 309 1586 Viderat
323 1524 527 1607 Ascalaphus:
551 1544 640 1607 quem
655 1522 803 1606 quondam
819 1523 924 1585 dicitur
937 1522 1074 1608 Orphne,

183 1618 265 1682 Inter
278 1620 442 1682 Avernales
458 1620 537 1681 haud
552 1620 732 1701 ignotissima
742 1620 900 1702 nymphas,

183 1714 235 1778 Ex
249 1717 420 1779 Acheronte
435 1737 489 1778 suo
503 1713 594 1779 furvis
609 1715 759 1798 peperisse
774 1716 829 1777 sub
843 1716 942 1777 antris.

82 1884 87 1891 ι
184 1810 284 1875 Vidit:
308 1826 339 1874 et
352 1812 460 1876 indicio
474 1812 598 1874 reditum
612 1812 739 1874 crudelis
753 1812 875 1874 ademit.

183 1907 332 1991 Ingemuit
345 1910 445 1991 regina
460 1908 569 1985 Erebi;
591 1922 756 1993 testemque
771 1908 923 1992 profanam
1072 1952 1077 1957 -
1093 1913 1159 1974 380

173 2003 271 2068 ‘Fecit
285 2027 388 2069 avem:
412 2026 604 2089 sparsumque
619 2019 709 2087 caput
724 2005 973 2086 Phlegethontide
987 2005 1115 2089 lympha

182 2098 218 2163 ln
231 2098 368 2177 rostrum,
383 2114 413 2162 et
427 2101 553 2182 plumas,
569 2114 599 2161 et
614 2101 734 2181 grandia
747 2101 857 2162 lumina
874 2101 969 2163 vertit.

182 2195 236 2259 Ille
251 2196 305 2258 sihi
319 2197 432 2259 ablatus
447 2194 532 2257 fulvis
546 2195 680 2256 amicitur
693 2196 731 2256 ab
745 2196 814 2271 alis3

181 2289 276 2374 Inque
290 2305 381 2375 caput
395 2292 516 2367 crescit3
538 2291 700 2374 longosque
714 2293 876 2354 reflectitur
889 2315 1022 2375 ungues3

182 2385 304 2471 Vixque
319 2402 420 2451 movet
433 2401 516 2449 natas
530 2409 584 2471 per
597 2387 700 2450 inertia
713 2390 833 2451 brachia
847 2407 977 2473 pennas3
1090 2395 1155 2458 385

180 2482 337 2567 Foedaque
351 2485 383 2549 fit
398 2486 532 2562 volucris,
548 2486 662 2547 venturi
678 2487 779 2549 nuntia
792 2488 898 2565 tuctus,
974 2473 978 2479 ⁵

180 2577 309 2661 Ignarus
323 2580 414 2655 bubo,
429 2580 524 2642 dirum
539 2582 708 2643 mortalibus
722 2603 822 2644 omen.

222 2675 267 2737 At
279 2674 394 2737 medius
410 2674 561 2758 fratrisque
576 2677 620 2737 sui
635 2692 807 2761 moestaeque
822 2680 926 2743 sororis

178 2769 298 2853 Jupiter
312 2790 352 2832 ex
366 2792 450 2854 aequo
464 2772 633 2834 volventem
649 2773 751 2835 dividit
766 2790 885 2839 aunum.

179 2863 269 2929 Nunc
284 2866 351 2943 dea²
364 2887 520 2949 regnorum
535 2890 644 2931 numen
659 2892 817 2933 commune
833 2873 968 2951 duorum,
1088 2880 1154 2941 390

179 2959 261 3025 Cum
275 2976 368 3025 matre
383 2977 429 3026 est
443 2964 578 3042 totidem,
592 2966 715 3029 totidem
729 2989 798 3029 cum
811 2968 938 3052 conjuge
953 2956 1080 3035 meuses.

180 3056 313 3121 Vertitur
327 3060 479 3143 extemplo
494 3060 593 3139 facies,
608 3076 638 3125 et
652 3064 770 3140 mentis,
785 3079 815 3127 et
829 3065 902 3128 oris:

179 3152 269 3232 Nam,
283 3157 372 3219 modh
388 3178 452 3241 quae
467 3173 582 3240 poterat
596 3159 660 3222 Diti
677 3182 794 3244 quoque
808 3156 1031 3242 moesta'videri‚

178 3249 263 3313 Laeta
276 3253 338 3315 deae
353 3252 431 3317 huns
446 3268 510 3336 est:
535 3270 566 3318 ut
580 3257 634 3333 sol,
650 3259 700 3341 qui
715 3272 809 3321 tectus
824 3262 940 3343 aquosis

178 3344 314 3412 Nubibus
329 3351 397 3415 ante
411 3350 476 3430 brit,
491 3352 574 3415 victis
588 3354 638 3417 ubi
652 3354 778 3418 nubibus
792 3356 868 3427 exit,
