2634 4259
161 352 234 429 104Υ
466 358 822 424 marauoaruoaaou.

158 508 276 573 Cetera
289 523 357 573 sunt
372 510 517 573 hominis:
541 522 655 593 partem
671 509 826 575 damnatur
839 508 869 569 in
884 528 990 571 unam:
1088 510 1133 572 90

157 606 349 691 Induiturque
365 628 449 669 aures
463 607 543 670 lente
558 606 717 689 gradientis
731 606 823 668 aselli.

199 702 254 765 Ille
269 704 388 787 quidem
401 704 489 782 celat,
505 703 641 787 turpique
657 715 778 765 onerata
792 700 906 786 pudore
964 737 972 742 -

156 799 308 883 Tempora
322 802 476 884 purpureis
491 806 586 863 tentat
599 800 698 862 velare
712 800 800 861 tiaris.
988 880 992 885 .
1013 793 1017 797 ⁴

156 896 229 975 Sed,
243 897 344 959 solitus
358 898 461 979 longos
475 896 551 960 ferro
564 917 697 962 resecare
711 896 845 980 capillos,
941 925 945 928 ·

156 991 281 1056 Viderat
295 994 352 1057 hoc
367 993 504 1057 famulus.
548 993 623 1069 Qui,
637 993 708 1055 'cirm
722 1013 779 1055 nec
793 992 918 1075 prodere
933 992 1029 1053 visum
1087 994 1130 1056 95
1155 1025 1158 1028 ·

155 1085 297 1151 Dedecus
313 1089 444 1166 auderet,
458 1089 580 1171 cupiens
595 1088 699 1149 efferre
713 1087 768 1149 sub
783 1106 878 1175 auras,
972 1128 975 1131 -

155 1182 186 1249 N
188 1206 223 1248 ec
237 1199 336 1269 posset
351 1186 473 1247 reticere
488 1198 597 1261 tamen,
613 1184 744 1260 secedit;
766 1180 949 1267 humumque

155 1280 288 1345 Effodit:
312 1296 352 1359 et,
368 1281 477 1345 domini
492 1282 593 1365 quales
608 1281 778 1365 adspexerit
792 1302 887 1359 aures,

156 1377 242 1441 Voce
256 1377 344 1441 refert
359 1377 470 1461 parvit3
492 1392 633 1461 terreque
649 1378 851 1441 immurmurat
865 1380 988 1443 haustae.

156 1470 358 1559 Indiciumque
374 1497 432 1537 suae
448 1474 528 1537 vocis
543 1475 647 1538 tellure
662 1474 779 1557 regesti

154 1570 272 1648 Obruit,
288 1586 318 1633 et
331 1571 480 1634 scrobibus
496 1572 599 1633 tacitus
614 1570 738 1632 discedit
752 1567 868 1653 opertis.
931 1613 933 1616 -

154 1666 269 1731 Creber
283 1667 470 1729 arundinibus
484 1667 615 1728 tremulis
629 1666 670 1729 ibi
683 1688 801 1749 surgere
816 1668 900 1730 lucus

154 1761 275 1849 Coepit:
300 1776 340 1840 et,
356 1777 388 1825 ut
400 1763 529 1847 primitur
543 1762 633 1846 pleno
648 1764 787 1825 maturuit
802 1784 891 1841 anne,
988 1807 992 1813 «
1088 1845 1093 1853 ρ

153 1859 286 1923 Prodidit
301 1859 467 1942 agricolam.
512 1858 589 1921 Leni
603 1880 673 1921 nam
687 1876 784 1923 motus
800 1860 838 1922 ab
851 1859 962 1923 Austro

153 1955 269 2020 Obruta
283 1957 373 2020 verba
385 1956 491 2033 refert;
514 1955 684 2039 dominique
697 1957 830 2039 coarguit
844 1977 939 2021 aures.
1064 1962 1124 2022 105

244 2342 246 2345 .
305 2290 389 2333 cmx
410 2291 452 2333 ar
475 2290 646 2333 ulcerosa
669 2265 705 2332 m
726 2292 806 2333 aves
828 2292 963 2334 noram.

576 2474 606 2515 v.
621 2455 696 2516 410.

149 2630 266 2695 Interea
280 2631 431 2716 fratrisque
446 2634 502 2710 sui,
517 2632 695 2717 fratremque
709 2635 818 2697 secutis

149 2728 250 2791 Anxia
263 2729 401 2813 prodigiis
416 2730 548 2792 turbatus
563 2744 684 2812 pectora
695 2729 743 2794 Cb

149 2823 293 2889 Consulat
306 2840 339 2889 ut
354 2848 460 2904 sacras,
475 2826 628 2890 hominum
640 2827 848 2907 oblectamina,
863 2843 966 2908 sortes,

148 2921 200 2984 Ad
214 2922 346 2986 Clarium
362 2937 444 3007 parat
458 2922 500 2986 ire
514 2924 623 2986 deum:
646 2945 716 2987 nam
730 2926 843 3009 templa
857 2926 996 3011 profanus

148 3018 232 3082 Invia
245 3041 314 3082 cum
328 3014 472 3104 Phlegyis
487 3020 631 3084 faciebant
646 3021 796 3106 Delphica
811 3022 956 3087 Phorbas.
1058 3028 1119 3088 110

190 3115 338 3180 Portubus
353 3118 504 3194 exierant;
526 3124 556 3180 et
570 3133 703 3181 moverat
717 3141 788 3181 aura
797 3121 948 3183 rudentes.
1087 3126 1091 3132 '
1189 3106 1200 3113 ⁵

147 3211 285 3276 Obvertit
299 3214 381 3277 lateri
395 3214 560 3297 pendentes
574 3216 676 3276 navita
689 3236 804 3278 remos:

131 3358 135 3373 ,
147 3308 326 3393 Cornuaque
341 3310 370 3373 in
385 3309 501 3393 summi
515 3310 591 3373 locat
606 3311 708 3373 arbore
720 3333 729 3387 ;
751 3324 870 3395 totaque
883 3312 962 3376 malo

147 3404 278 3469 Carbasa
292 3408 411 3470 deducit
424 3430 432 3483 ;
455 3408 666 3491 venientesque
680 3408 793 3490 excipit
806 3430 902 3471 auras.
947 3433 951 3444 ¹

188 3502 253 3565 Aut
266 3506 372 3580 minus,
388 3518 438 3567 aut
451 3504 532 3567 certe
546 3504 678 3567 medium
691 3526 751 3567 non
766 3506 891 3589 amplius
907 3529 1005 3593 equor
1055 3510 1115 3572 115

1020 3654 1030 3666 .·
1098 3626 1126 3697 l..

1014 3702 1038 3742 ..ι
1085 3710 1095 3722 ,
