2634 4259
466 404 816 471 METAMORPHOSEON

185 660 188 665 ’
378 678 513 729 narnus
535 684 571 727 ru
592 679 733 727 naunuu'
745 664 887 737 mrsu.
990 670 994 678 “

569 879 602 921 v.
623 858 698 920 452.

144 1040 261 1105 Primus
277 1058 358 1101 arnor
370 1036 482 1101 Phoebi
496 1035 627 1121 Daphne
641 1034 775 1114 Peneia3
797 1057 887 1121 quem
900 1058 960 1101 non
1055 1025 1121 1103 t‘so

144 1135 220 1201 Fors
233 1136 332 1218 ignara
346 1134 439 1213 dedit,
453 1134 507 1197 sed
521 1154 599 1197 seva
611 1130 771 1218 Cupidinis
784 1133 837 1196 ira.

144 1231 251 1296 Delius
266 1233 346 1295 hunc
359 1242 464 1315 nuper,
480 1230 560 1294 victi
573 1245 713 1315 serpente
726 1230 881 1314 superbus,

144 1329 268 1393 Viderat
283 1328 412 1391 adducto
426 1328 597 1391 flectentem
611 1348 723 1393 oornua
736 1348 829 1391 nervo
838 1349 852 1390 ε·

144 1424 309 1510 ‘Quidque
324 1426 387 1505 tibi,
401 1426 510 1490 lascive
525 1446 610 1509 puer,
623 1446 694 1487 cum
708 1423 829 1488 fortibus
842 1424 962 1495 armis?

144 1522 288 1586 Dixerat:
312 1523 386 1586 ‘ista
400 1523 508 1587 decent
520 1523 659 1585 humeros
673 1522 837 1604 gestamina
850 1534 984 1598 nostros3
1054 1523 1119 1586 435

145 1617 208 1695 Qui
224 1620 293 1683 dare
308 1604 482 1697 oerts'ferae,
497 1617 567 1682 dare
582 1618 705 1681 vulnera
718 1640 873 1702 possumus
887 1619 975 1682 hosti.

144 1714 212 1791 Qui
221 1716 322 1793 modo,
337 1714 533 1804 pestiferotot
544 1712 649 1799 jugera
663 1728 766 1777 ventre
781 1728 977 1798 prementem,

144 1811 305 1876 Suuvimus
319 1812 490 1889 innumeris,
503 1812 649 1875 'tumidum
664 1809 815 1895 Pythona,
829 1812 962 1894 sagittis?

143 1908 238 1973 Filius
251 1910 322 1973 huic
339 1909 484 1987 venerim
506 1908 617 1993 ‘Figat
632 1920 710 1973 tuus
715 1909 824 1988 omnia,
837 1907 975 1986 Phoelte3

143 2006 192 2070 Te
207 2028 291 2070 mens
306 2008 413 2094 arcus?
428 2008 486 2085 ait;
509 2006 700 2092 ‘qusntdque
708 2007 852 2071 animulis
864 2007 974 2071 cedunt

143 2102 263 2168 Cuncta
277 2104 339 2183 tibi,
354 2104 437 2167 tontd
451 2104 546 2167 minor
559 2117 605 2165 est
619 2116 671 2166 tua
685 2104 778 2185 gloria
790 2102 912 2167 uostrd'
1002 2165 1004 2170 ,
1054 2104 1114 2167 441

185 2199 292 2279 Dixit:
316 2213 347 2263 et
361 2200 434 2263 eliso
449 2199 594 2283 percussis
609 2202 682 2261 se're
693 2200 798 2282 pennis

142 2294 273 2379 Impiger
286 2295 425 2359 umbrosis
438 2293 721 2360 Parnassi-constitit
735 2316 822 2359 arce:

143 2392 231 2477 Eque
246 2392 405 2476 sagittiferi
419 2391 561 2477 prompsit
576 2392 636 2455 duo
650 2393 710 2456 tela
724 2391 865 2477 pharetris

143 2488 338 2555 Diversorum
349 2511 483 2574 operum.
528 2487 629 2573 Fugat
643 2490 712 2568 hoe,
723 2488 796 2554 iacit
810 2480 882 2553 illud
896 2510 1038 2553 umorem.

143 2585 237 2661 Quod
251 2586 330 2665 facit,
346 2599 480 2649 auratum
496 2599 551 2663 est,
566 2600 596 2649 et
610 2586 734 2669 cuspide
749 2585 842 2669 fulget
856 2585 961 2649 acuti:
1053 2588 1118 2651 446

143 2680 237 2756 Quod
250 2683 341 2766 fugat,
353 2683 490 2746 obtusum
505 2692 560 2759 est,
576 2695 607 2745 et
620 2683 711 2745 habet
724 2683 780 2745 sub
794 2683 937 2746 smodine
951 2684 1116 2768 plumbum.

142 2777 212 2842 Hoc
227 2780 300 2842 deus
314 2779 344 2841 in
358 2777 495 2862 nymphia
509 2775 644 2841 Peneide
663 2778 747 2857 fixit3
768 2792 799 2841 at
813 2779 863 2843 illo

140 2875 233 2939 ‘Lesit
247 2874 420 2958 Apollineas
435 2872 557 2961 trajecta
570 2896 625 2959 per
638 2895 704 2937 ossa
718 2875 873 2938 medullas.

142 2970 282 3035 Protinus
297 2972 371 3035 alter
385 2984 463 3034 amat
476 2994 484 3049 ;
506 2966 579 3055 fugit
594 2973 686 3035 altera
700 2994 810 3036 nomen
824 2973 960 3052 amantu,
1052 2976 1117 3039 450

144 3069 290 3133 Silvarum
303 3069 432 3148 latebris,
448 3066 691 3155 captivarumque
705 3069 833 3133 ferarum

144 3164 270 3229 Exuviis
285 3166 427 3248 gaudens,
442 3167 631 3251 innuptaeque
647 3168 752 3230 aemula
765 3166 909 3231 Phoebes.

16 3282 29 3307 ⁰
144 3261 228 3325 Vitta
240 3255 398 3351 oodrcebat
412 3264 522 3348 positos
537 3264 600 3326 sine
614 3264 681 3346 lege
696 3263 830 3346 capillos.

143 3358 198 3422 llla
211 3359 295 3441 fugit,
310 3381 407 3444 neque
423 3360 461 3423 ad
475 3360 538 3422 haec
552 3360 718 3422 revocantis
732 3359 822 3422 verba
835 3359 951 3423 resistit.

144 3464 152 3493 ‘
165 3454 319 3540 Nympha,
333 3477 448 3540 precor,
463 3452 570 3535 Penei,
585 3477 691 3519 mane:
712 3477 772 3518 non
786 3456 924 3540 insequor
936 3455 1037 3520 hostis.

143 3550 298 3636 Nympha,
311 3574 410 3616 mane.
447 3553 498 3617 Sic
513 3575 589 3635 agna
602 3554 717 3637 lupum,
731 3553 774 3616 sic
784 3574 874 3617 cerva
886 3554 1016 3635 leonem,
1051 3554 1115 3620 456

144 3646 194 3711 Sic
209 3648 336 3733 aquilam
350 3648 451 3733 penui
464 3648 578 3733 fugiunt
592 3650 758 3734 trepidante
772 3651 934 3730 columbe3
