2634 4259
620 400 729 454 LIBER
744 402 778 454 X.

209 542 319 610 Exitus
333 548 464 632 auspicio
478 550 609 632 gravior:
631 574 701 614 nam
715 566 818 637 nupta,
833 574 889 638 per
902 554 1007 618 herbas

209 640 294 706 Dum
308 666 387 715 nova
401 644 549 709 Naiadum
566 648 653 709 turbs
665 651 804 713 comitata
823 668 953 733 vagatur,

208 738 343 819 Decidit,
358 743 386 804 in
401 743 493 805 talum
508 746 653 827 serpentis
669 745 757 808 dente
771 762 903 831 recepto.
916 788 934 835 .·
1145 755 1186 818 1⁰

209 834 313 910 Quam
327 840 397 903 satis
412 839 449 904 ad
463 862 584 925 superas
598 855 756 927 postquam
771 843 969 929 Rhodopeius
983 851 1072 910 auras

210 931 344 1000 Deflevit
358 951 460 1015 vates;
481 959 519 999 ne
534 960 593 1001 nou
608 953 735 1003 tentaret
748 954 779 1003 et
794 942 922 1020 umbras,

208 1031 260 1093 Ad
276 1032 369 1116 Styga
384 1032 522 1097 Tanarid
536 1048 581 1098 est
597 1057 685 1099 ausus
699 1037 879 1100 descendere
895 1039 991 1123 portis.

208 1127 327 1213 Perque
342 1131 425 1194 leves
439 1132 576 1215 populos,
592 1134 804 1217 simulacraque
820 1134 919 1199 functa
932 1138 1085 1221 sepulcris,

207 1224 422 1309 Persephonen
436 1229 517 1307 adiit,
532 1229 739 1314 inamoenaque
754 1252 845 1313 regua
861 1246 1012 1296 tenentem
1143 1239 1182 1301 15

206 1319 386 1387 Umbrarum
401 1323 570 1389 dominum:
593 1326 797 1410 pulsisquead
811 1329 942 1392 carmina
956 1331 1054 1393 nervis

207 1418 257 1482 Sic
272 1421 331 1499 ait3
353 1420 401 1484 ‘O
416 1424 504 1505 positi
518 1422 572 1485 sub
587 1423 665 1485 terri
678 1425 798 1486 numina
812 1425 925 1503 mundi,

205 1516 241 1579 In
256 1540 345 1603 quem
359 1520 515 1582 recidimus
531 1519 673 1604 quidquid
687 1520 809 1583 mortale
824 1543 975 1601 creamur;

206 1614 331 1693 Silices,
346 1630 387 1695 et,
401 1616 464 1679 salsi
479 1618 579 1701 positis
594 1617 765 1700 ambagibus
779 1619 847 1697 oris,

206 1711 288 1775 Vera
301 1714 382 1799 loqui
395 1715 504 1793 sinitis3
526 1738 585 1777 non
596 1715 667 1792 buc,
682 1728 714 1777 ut
729 1737 824 1799 opaca
838 1716 971 1782 viderem
1137 1720 1181 1784 20

204 1809 340 1888 Tartara,
355 1810 514 1889 deseendi3
535 1833 592 1875 nec
606 1811 650 1874 uti
666 1812 768 1873 villosa
781 1812 909 1876 colubris

204 1905 306 1971 Tema
319 1907 465 1971 Medusaei
479 1908 619 1971 vincirem
634 1921 753 1989 guttura
766 1908 899 1970 monstri.
942 1940 950 1951 ·

204 2003 305 2067 Causa
316 2005 372 2071 ,viae
387 2004 516 2090 conjux:
539 2005 568 2067 in
584 2026 674 2088 quam
688 2004 802 2066 calcata
817 2022 966 2067 venenum

168 2116 173 2129 f
205 2096 317 2185 Vipera
332 2102 465 2179 diffudir;
487 2116 714 2185 crescentesque
728 2100 847 2164 abstulit
862 2122 964 2163 annos.

204 2197 297 2262 Posse
312 2199 373 2283 pati
388 2200 486 2263 volui:
509 2220 565 2262 nec
580 2220 629 2261 me
644 2200 773 2261 tentdsse
787 2198 915 2281 negabo.
1134 2202 1179 2265 25

204 2295 285 2359 Vicit
298 2297 404 2361 Amor.
449 2296 565 2379 Superi
579 2297 652 2358 deus
666 2296 716 2359 hio
729 2296 807 2357 benis
822 2308 909 2358 notus
923 2296 953 2358 in
967 2296 1020 2358 orit
1034 2309 1099 2365 est.=

202 2394 254 2457 An
268 2395 306 2457 sit
320 2408 349 2457 et
364 2394 425 2470 hic,
440 2394 559 2455 dubito:
582 2392 634 2455 sed
650 2407 681 2454 et
695 2392 744 2455 hic
759 2406 859 2454 tamen
875 2414 1000 2474 auguror
1013 2414 1090 2455 esse.

202 2489 356 2574 Famaque
369 2491 393 2553 si
409 2504 541 2553 veterem
556 2510 615 2551 non
631 2501 676 2551 est
690 2488 813 2550 mentita
827 2488 970 2571 rapinum,

202 2585 267 2651 Vos
279 2609 395 2671 quoque
406 2587 507 2673 junxit
517 2586 622 2649 Amor.
667 2585 729 2648 Per
737 2607 794 2669 ego
805 2586 869 2648 hac
879 2586 945 2648 loca
955 2587 1043 2670 plena
1054 2586 1174 2667 timoris,

138 2758 146 2771 υ
201 2682 262 2747 Per
275 2683 378 2748 Chaos
393 2685 449 2747 hoo
463 2684 576 2766 ingens,
592 2684 725 2767 vastique
740 2681 856 2745 silentia
868 2683 961 2767 regni,
1132 2688 1176 2749 30

200 2779 377 2865 Eurydices,
391 2791 454 2859 oro',
469 2794 625 2865 properata
639 2780 766 2843 retexite
779 2780 840 2842 lila.
857 2782 860 2786 ’

199 2878 311 2941 Omnia
325 2877 468 2940 debemur
481 2876 582 2955 vobis;
603 2878 785 2961 paulumque
804 2876 918 2953 morati,

199 2975 301 3044 Serius
315 2989 365 3038 aut
377 2975 463 3038 citids
477 2974 580 3037 sedem
595 2993 786 3057 properamus
801 2971 838 3031 ad
852 2992 953 3033 unam.

198 3072 363 3137 Tendimus
377 3072 436 3136 huc
451 3092 566 3147 omnes,
582 3070 645 3132 haeo
660 3082 705 3131 est
720 3066 825 3129 domus
838 3067 958 3132 ultima:
983 3090 1094 3154 vosque
1159 3152 1162 3154 Α

198 3169 331 3233 Humani
345 3169 460 3252 generis
474 3167 642 3249 longissima
657 3186 749 3248 regna
763 3164 881 3228 tenetis.
1128 3170 1171 3233 35

197 3267 277 3331 Hoec
293 3289 421 3352 quoque,
435 3266 504 3329 ciun
516 3264 611 3351 justos
625 3279 739 3328 matura
754 3263 900 3346 peregerit
914 3283 1016 3341 annos,

196 3363 276 3428 Juris
291 3366 346 3428 erit
362 3366 458 3428 vestri.
502 3363 564 3427 Pro
579 3384 701 3427 munere
716 3361 864 3447 poscimus
877 3381 975 3423 usum.

196 3462 291 3538 Qudd
305 3464 329 3526 si
340 3462 403 3525 -sata
417 3477 526 3545 negant
543 3462 657 3525 veniam
673 3482 727 3544 pro
741 3456 878 3542 conjuge,
892 3463 1006 3529 certum
1020 3472 1066 3522 est

142 3638 147 3647 ι
196 3560 286 3625 Nolle
301 3561 396 3624 redire
411 3560 493 3624 mihi.
538 3559 617 3623 Leto
631 3558 759 3644 gaudete
774 3556 921 3621 duorum?
