2634 4259
604 330 713 383 LIBER
735 331 784 381 xl.

253 478 317 556 Ille,
333 500 455 563 perosus
469 501 552 563 opes,
567 478 654 543 silvas
670 493 701 542 et
714 500 782 541 rura
794 478 932 559 colebat,

211 574 352 660 Panaque
367 577 512 639 montanis
527 577 708 639 habitantem
721 596 840 659 semper
853 576 882 638 in
898 576 996 639 antris
1068 654 1072 658 p

210 671 325 755 Pingue
340 674 393 735 sed
408 674 555 755 ingenium
571 673 693 735 mansit:
716 673 917 756 nocituraque,
932 686 965 735 ut
978 672 1058 750 ante,
1141 675 1185 738 60

210 768 325 833 Rursus
340 784 423 833 erant
436 768 555 831 domino
569 770 686 833 stolidre
701 768 860 853 praecordia
873 770 990 832 mentis.

210 864 301 942 Nam,
317 866 391 929 freta
406 866 597 949 prospiciens,
611 866 671 929 late
686 866 760 947 riget
774 866 881 927 arduus
895 866 956 928 alto
1036 858 1042 868 ⁶

209 961 335 1026 Tmolus
349 964 379 1025 in
393 964 547 1040 adscensu,
561 964 697 1047 clivoque
713 976 852 1028 extentus
866 977 1001 1048 utroque,

210 1059 349 1122 Sardibus
364 1060 444 1137 binc,
458 1060 538 1123 illinc
552 1060 649 1142 parvis
662 1060 760 1123 finitur
774 1058 930 1143 Hypaepis.

210 1155 274 1218 Pan
290 1158 414 1219 ibidum
429 1156 538 1242 teneris⁴
546 1155 639 1240 jactat
652 1178 706 1219 sua
719 1157 847 1230 carmina
862 1156 1012 1239 nymphis,
1085 1154 1089 1161 ’

210 1252 252 1317 Et
266 1255 333 1315 leve
348 1255 448 1316 cerati
461 1254 628 1337 modulatur
641 1254 783 1317 arundine
796 1274 916 1315 carmen
923 1275 937 1331 ;⁴

209 1348 310 1411 Ausus
326 1348 498 1431 Apollineos
514 1370 573 1431 prae
587 1370 619 1411 se
633 1362 824 1411 contemnere
838 1362 953 1425 cantus,

208 1445 316 1509 Jndice
330 1447 385 1508 snb
398 1446 509 1510 Tmolo
522 1458 673 1508 certamen
688 1446 768 1509 venit
782 1446 819 1512 ad
834 1446 939 1532 impar.

195 1556 197 1559 ·
250 1541 356 1605 Monte
371 1563 425 1605 suo
439 1542 536 1605 senior
545 1542 641 1627 judex
654 1544 807 1620 consedit3
829 1556 859 1605 et
873 1563 958 1605 aures

207 1638 329 1701 Liberat
343 1639 501 1703 arboribus.
546 1634 673 1712 Quercu
688 1660 777 1710 coma
790 1641 896 1703 cende
907 1640 1025 1712 vtantirm

209 1739 363 1821 Cingitnr;
383 1754 415 1802 et
431 1740 562 1823 pendent
574 1739 686 1804 circum
699 1761 774 1803 cava
787 1754 923 1823 tempora
936 1741 1069 1823 glandes.

208 1837 295 1925 lsqne
310 1839 399 1900 deum
414 1837 693 1927 pecorisspectanm
711 1836 764 1900 ‘In
774 1837 896 1922 judice‚'
912 1839 998 1916 dixit,

207 1934 318 1997 ‘Nulla
331 1955 413 1997 mora
427 1934 493 2017 est)
539 1932 672 1996 Calamis
687 1934 846 2015 agrestibus
860 1935 974 1997 insonat
988 1936 1054 1999 ille:

206 2030 425 2114 Barbaricoque
440 2024 543 2093 Midan
562 2029 678 2116 (aderat
691 2052 760 2116 nam
774 2030 850 2093 forte
864 2032 997 2117 canenti)

207 2127 347 2191 Carmine
362 2128 474 2190 delinit.
518 2126 592 2189 Post
602 2128 681 2190 bunc
694 2139 781 2191 sacer
794 2150 846 2192 ora
859 2130 975 2193 retorsit

206 2223 332 2287 Tmolus
346 2223 383 2286 ad
397 2246 430 2287 os
445 2223 572 2287 Pboebi:
595 2225 710 2288 vultum
724 2246 778 2287 sua
791 2226 864 2289 silva
878 2241 981 2291 secuta
994 2242 1050 2291 est.

206 2322 260 2385 Ille
274 2335 364 2405 caput
379 2322 582 2408 flammdaum
595 2319 772 2383 Parnasside
787 2324 902 2385 vinctus

208 2418 306 2483 Venit
320 2410 554 2499 humnmsryrio
568 2417 699 2480 saturatd
710 2419 823 2481 murice
837 2420 933 2502 pult:

205 2515 438 2598 Instructamqne
452 2513 541 2576 fidem
557 2516 682 2595 gemmis
696 2528 728 2577 et
742 2514 879 2578 dentibus
893 2516 974 2581 Indis

205 2614 338 2677 Sustinet
353 2634 370 2675 a
383 2611 473 2675 laevi:
497 2611 591 2674 tenuit
605 2619 709 2675 manus
725 2614 815 2675 altera
828 2614 985 2697 plectrum.

204 2711 332 2774 Artificis
346 2723 437 2771 status
452 2709 515 2792 ipse
531 2708 594 2772 fuit.
639 2708 722 2775 Tum
735 2710 860 2775 stamina
874 2712 964 2775 docto

204 2807 317 2871 Pollice
333 2806 482 2869 sollicitat:
507 2828 630 2889 quorum
645 2804 802 2870 dulcedine
816 2823 921 2891 captus
939 2852 942 2855 -

204 2904 288 2967 Pena
298 2903 383 2988 jubet
396 2902 523 2965 Tmolus
537 2903 655 2965 citharae
670 2903 841 2966 submittere
855 2926 975 2968 cannas.

245 3001 395 3065 Judicium
409 3000 560 3083 sanctique
574 2999 674 3082 placet
688 3000 833 3062 sententia
846 3002 952 3063 montis

202 3099 361 3162 Omnibus.
404 3098 548 3181 Arguitur
562 3112 673 3174 tamen,
688 3111 777 3179 atque
791 3097 898 3183 injusta
912 3113 1035 3163 vocatur

202 3196 298 3259 Unius
312 3190 447 3258 sermone
462 3194 565 3257 Midae.
609 3193 639 3256 N
641 3215 677 3257 ec
692 3193 799 3257 Delius
814 3217 900 3258 aures

203 3293 372 3357 Humanam
386 3292 505 3355 stolidas
520 3292 629 3374 patitur
641 3292 769 3354 retinere
779 3292 918 3374 figuram3

202 3389 264 3452 Sed
278 3391 365 3451 trahit
378 3390 407 3452 in
422 3389 560 3471 spatium,
577 3388 711 3471 villisque
725 3389 889 3451 albentibus
905 3389 1029 3473 implet3

202 3484 413 3569 instabilesque
428 3487 488 3549 imo
502 3484 591 3562 sacit3
614 3499 645 3547 et
659 3486 710 3547 dat
724 3507 812 3569 posse
826 3486 949 3549 moveri.
