2634 4259
584 321 691 371 LIBER
712 322 783 371 xlv.

247 467 407 531 Proximus
422 469 567 532 Ausonias
582 470 681 554 injusti
694 470 778 531 miles
793 469 896 532 Amuli

207 564 300 628 Rexit
314 587 405 649 opes:
429 563 625 649 Numitorque
639 586 733 628 senex
746 566 852 629 amissa
865 579 1008 649 nepotum

206 659 333 723 Munere
348 680 438 744 regna
451 663 546 745 capit:
570 661 710 746 festisque
726 661 868 725 Palilibus
882 662 961 723 urbis
998 664 1003 673 ’
1098 662 1175 749 ,125

206 754 322 820 Moenia
335 758 510 820 conduntur.
554 758 719 842 Tatiusque
734 771 890 842 patresque
905 758 1006 821 Sabini

206 850 293 916 Belia
307 867 429 936 gerunt:
452 856 583 939 arcisque
599 854 648 917 via
662 854 792 937 Tarpeia
806 854 935 917 reclusa·

206 948 308 1033 Digna
322 951 449 1013 animam
463 953 555 1035 poend
567 952 715 1035 congestis
729 953 812 1015 exuit
827 952 924 1014 armis.

206 1044 279 1108 Inde
295 1047 349 1109 sati
364 1046 504 1125 Curibus
518 1048 675 1112 tacitorum
689 1070 771 1111 more
785 1049 932 1132 luporum,

206 1142 269 1205 Ore
284 1158 422 1226 premunt
437 1166 536 1221 voces,
552 1158 582 1207 et
596 1166 719 1229 corpora
733 1146 810 1207 victa
822 1165 929 1227 sopore
1117 1147 1177 1208 130

206 1238 363 1317 Invadunt,
378 1254 535 1325 portasque
549 1255 674 1325 petunt3
695 1262 767 1325 quas
780 1240 876 1325 objice
890 1240 976 1303 firma

184 1412 187 1416 Α
206 1334 362 1399 Clauserat
377 1337 494 1399 Iliades.
537 1337 637 1400 Unam
653 1352 752 1401 tamen
766 1338 829 1420 ipsa
844 1337 977 1413 recludit,

206 1430 274 1494 Nec
287 1434 440 1517 strepitum
456 1455 539 1496 verso
555 1434 690 1505 Saturnia
703 1433 823 1496 cardine
839 1433 919 1496 fecit.

207 1527 277 1590 Sola
293 1528 397 1591 Venus
411 1543 501 1612 portae
517 1530 659 1593 cecidisse
674 1530 816 1612 repagula
829 1530 938 1591 sensit:

207 1623 249 1686 Et
263 1625 395 1687 clausura
410 1624 479 1687 fuit:
502 1626 557 1689 nisi
572 1626 652 1711 qubd
667 1626 834 1689 rescindere
847 1645 998 1708 nunquam
1117 1628 1177 1689 135

207 1719 265 1783 Dis
279 1721 348 1784 licet
362 1736 428 1784 acta
442 1722 542 1785 dedm.
586 1722 665 1785 Jano
678 1723 743 1785 loca
753 1721 857 1806 juncta
871 1722 1012 1785 tenebant

207 1814 320 1879 Naides
334 1818 485 1894 Ausoniae,
500 1818 597 1899 gelido
611 1818 739 1881 rorantia
752 1817 851 1880 fonte:

206 1910 271 1975 Has
285 1928 367 1996 rogat
381 1913 533 1976 auxilium.
578 1912 645 1976 Nec
660 1914 804 1997 nymphae
815 1912 895 1996 justa
909 1925 1062 1995 petentem

207 2009 377 2073 Sustinuere
393 2012 496 2091 deam:
520 2030 669 2093 venasque
683 2024 714 2072 et
728 2010 850 2072 flumina
864 2006 951 2072 sontis

207 2104 345 2169 Elicudre
359 2107 416 2169 sui.
462 2106 603 2169 Nondum
618 2120 718 2170 tamen
733 2106 810 2168 invia
823 2100 893 2168 Jam
1118 2107 1179 2169 140

207 2201 269 2265 Ora
283 2203 408 2285 patentis
423 2218 515 2281 erant,
529 2224 627 2288 neque
643 2203 700 2266 iter
714 2203 904 2287 praecluserat
915 2203 1007 2265 unda.

206 2296 317 2361 Lurida
331 2314 502 2382 supponunt
516 2300 656 2363 foecuruio
671 2300 780 2363 sulfura
795 2299 879 2377 fonti,

206 2392 431 2479 incenduntque
446 2416 533 2457 cavas
547 2396 678 2459 firmante
694 2396 835 2458 bitumine
850 2416 950 2458 venas.

207 2490 325 2555 Viribus
340 2492 384 2554 his
400 2492 521 2576 aliisque
538 2514 629 2576 vapor
642 2492 808 2577 penetravit
823 2491 860 2553 ad
875 2492 934 2554 ima

206 2585 329 2651 Fontis:
352 2602 382 2651 et
396 2588 508 2671 Alpino
523 2590 612 2652 modo
626 2611 692 2674 quae
707 2602 820 2654 certare
834 2589 921 2671 rigori
1117 2590 1178 2651 145

206 2684 371 2746 Audebatis
386 2706 479 2769 aquae,
494 2706 553 2748 non
567 2685 670 2748 ceditis
685 2688 800 2769 ignibus
815 2688 896 2771 ipsis.

206 2778 399 2842 Flammiferb
412 2782 520 2861 gemini
535 2781 648 2843 sumant
662 2783 837 2866 adspergine
852 2798 970 2867 postes:

205 2874 365 2960 Portaque,
381 2876 576 2960 nequicquam
591 2878 690 2959 rigidis
705 2880 846 2959 permissa
859 2880 984 2955 Sabinis,

205 2971 303 3035 Fonte
318 2972 372 3035 fuit
386 2984 556 3055 praestructa
570 2995 666 3049 nov03
688 2973 760 3035 dum
774 2972 899 3035 Martius
914 2996 993 3036 arma

206 3066 344 3131 Indueret
358 3069 453 3133 miles
498 3067 579 3142 Quae
594 3082 751 3153 postquam
766 3068 912 3131 Romulus
925 3071 1002 3131 ultro
1117 3071 1179 3133 150

205 3163 340 3243 Obtulit3
363 3179 393 3228 et
407 3179 496 3229 strata
509 3180 553 3229 est
568 3166 655 3229 tellus
671 3165 808 3229 Romana
822 3165 937 3229 Sabinis

206 3262 398 3346 Corporibus,
413 3278 501 3327 strata
514 3276 618 3348 estque
632 3264 709 3340 suis;
731 3264 890 3347 generique
904 3282 1039 3325 cruorem

206 3359 355 3442 Sanguine
370 3373 438 3423 oum
453 3362 546 3424 soceri
560 3360 731 3445 permiscuit
744 3362 850 3444 impius
863 3359 958 3422 ensis:

206 3455 288 3519 Pace
303 3470 402 3519 tamen
417 3458 477 3521 sisti
490 3459 613 3535 bellum,
627 3478 684 3519 nec
699 3458 728 3519 in
742 3457 845 3520 ultima
858 3456 935 3519 ferro
