2634 4259
566 339 734 391 srnnnvr.
1093 334 1136 393 tt

164 487 224 553 Cui
238 490 276 553 sis
291 502 384 572 nupta
396 489 475 565 vide,
487 488 640 551 Pandione
655 502 734 566 nata,
745 492 859 551 marito.
1076 490 1137 553 180

165 586 356 669 Degeneres:
379 586 475 648 scelus
491 599 534 647 est
548 586 642 668 pietas
656 586 686 647 in
701 585 826 670 conjuge
841 584 965 647 Tereo)

165 682 231 745 Nec
246 705 346 760 mora3
368 684 456 745 traxit
471 678 550 765 Ityn,
566 683 657 744 veluti
672 682 837 764 Gangetica
849 704 944 745 cerva

165 780 343 851 Laurentem
357 778 462 843 soeturn
476 800 530 862 per
543 780 630 841 silvas
644 779 726 861 tigris
739 800 857 862 opacas.

165 876 268 961 thue
284 876 389 939 domirs
404 877 468 938 altae
483 890 597 959 partem
611 877 734 938 tenuere
749 889 910 952 remotam;

166 972 415 1056 Tendentemque
429 994 543 1049 manus,
559 972 662 1057 etjam
677 994 729 1035 sua
744 972 804 1035 fata
818 973 978 1051 videntem,
1078 975 1137 1035 185

168 1068 264 1146 ‘Eia,’
280 1082 311 1131 et
322 1069 395 1153 jam,
411 1069 542 1144 ‘maten’
557 1069 744 1147 clamantem,
759 1084 790 1131 et
799 1070 880 1132 colla
894 1083 1046 1153 petentem

168 1164 249 1228 Ense
264 1164 329 1227 serit
343 1164 470 1241 Procne,
484 1165 566 1227 lateri
581 1164 640 1247 qua
654 1179 758 1248 pectus
772 1166 916 1230 adheret:

168 1261 235 1325 Nec
250 1262 365 1323 vultum
378 1262 492 1323 avertit.
537 1258 614 1323 Satis
629 1262 670 1324 illi
685 1262 722 1323 ad
736 1262 795 1325 sata
810 1248 857 1326 vel
876 1286 969 1327 unum

170 1358 286 1441 Vulnus
299 1372 380 1443 eran
398 1358 534 1443 jugulum
548 1357 623 1421 ferro
637 1358 806 1422 Philomela
818 1361 947 1423 resolvit.

170 1454 307 1539 Vivaque
323 1455 430 1537 adhuc,
445 1455 605 1538 animaeque
620 1455 730 1538 aliquid
744 1458 899 1519 retinentia
913 1457 1046 1519 membra
1079 1456 1139 1522 190

169 1550 331 1614 Dilaniant.
375 1551 449 1614 Pars
463 1551 531 1613 inde
546 1552 626 1613 cavis
640 1552 770 1614 exsultat
784 1553 882 1615 ainis:

82 1671 85 1677 ·
169 1648 242 1711 Pars
258 1648 383 1710 verubus
397 1648 514 1711 stridet:
537 1661 657 1710 manant
671 1649 832 1730 penetralia
845 1650 924 1713 tabo.

75 1744 78 1747 ’
170 1744 226 1807 His
241 1745 360 1807 adhibet
373 1744 484 1829 conjux
498 1745 630 1826 ignarum
643 1744 744 1808 Terea
756 1747 883 1809 mensis:

171 1840 211 1904 Et
225 1842 412 1927 paniimoris
427 1863 542 1903 sacrum
555 1842 689 1918 mentita,
704 1843 783 1925 quod
797 1844 848 1905 uni

170 1937 231 2001 Fas
245 1939 282 2001 sit
296 1938 377 2001 adire
391 1938 463 2015 viro,
478 1936 600 1999 comites
615 1935 799 2021 famulosque
812 1940 949 2002 removit.
1081 1943 1142 2003 195

171 2034 255 2111 Inde,
269 2036 375 2097 sedens
390 2035 473 2111 solie,
487 2033 614 2110 TereuS,
629 2033 761 2096 sublimis
775 2035 865 2110 avitu,
916 2099 921 2107 ,

173 2131 327 2195 Vescitur:
350 2132 439 2215 inque
454 2152 536 2193 sunm
552 2152 605 2193 sua
620 2131 732 2194 viscera
746 2133 877 2214 congerit
891 2133 1002 2195 alvum.
1018 2148 1026 2159 ·

171 2227 329 2317 Tantaque
343 2250 404 2291 nox
419 2228 506 2291 animi
520 2242 575 2305 est,
591 2227 679 2312 ‘Ityn
694 2230 754 2292 huc
768 2230 927 2308 arcessite,’
942 2230 1028 2294 dixit.

172 2324 365 2388 Dissimulare
379 2325 480 2408 nequit
494 2325 623 2387 crudelia
642 2326 749 2407 gaudiq
763 2326 899 2402 Procne3

171 2422 299 2506 Jamque
313 2444 373 2484 suae
387 2422 510 2504 cupiens
525 2421 667 2482 exsistere
682 2422 784 2483 nuntia
797 2422 905 2498 cladis;
1080 2426 1145 2486 m

173 2519 273 2583 ‘Intus
289 2520 390 2595 habes,
406 2518 484 2601 quod
499 2518 615 2600 posciS,'
631 2517 682 2580 ait.
726 2516 935 2603 Circumspicit
949 2519 1008 2597 ille,

172 2617 275 2702 Atque
289 2617 339 2679 ubi
354 2617 391 2679 sit
404 2617 516 2705 querit.
535 2652 544 2669 ·
563 2615 727 2692 Quaerenti,
742 2616 907 2700 iterumque
922 2618 1050 2693 vocanti,

173 2714 256 2776 Sicut
271 2727 334 2775 erat
348 2713 459 2796 sparsis.
468 2712 562 2777 furiali
575 2713 656 2775 caede
671 2712 793 2795 capillis,

106 2852 109 2857 -
173 2809 313 2886 Prosiliit,
328 2808 469 2893 Ityosque
484 2824 574 2893 caput
588 2809 757 2872 Philomela
769 2825 925 2873 cruentum

173 2906 257 2969 Misit
271 2906 301 2969 in
315 2927 366 2969 ora
380 2906 485 2988 patris:
509 2928 565 2968 nec
579 2921 714 2988 ternpore
728 2907 830 2967 maluit
844 2907 905 2967 ullo
1082 2910 1147 2971 2⁰5

173 3002 267 3065 Posse
282 3002 373 3085 loqui,
388 3016 418 3064 et
433 3002 544 3063 meritis
560 3002 658 3063 testari
673 3001 779 3082 gaudia
794 3001 889 3063 dictis.
959 3078 970 3093 .

215 3098 361 3161 Thracius
376 3097 485 3180 ingenti
500 3118 616 3159 mensas
631 3097 759 3158 clamore
773 3098 899 3181 repellit,

175 3195 379 3280 Vipereasque
393 3195 453 3257 ciet
467 3193 573 3278 Stygii
587 3194 624 3256 de
640 3194 717 3256 valle
731 3216 860 3258 sorores:
926 3234 930 3240 ·

174 3292 215 3356 Et
230 3292 329 3369 modu,
345 3292 368 3355 si
383 3292 484 3375 possit,
499 3306 627 3355 reserato
642 3306 762 3376 pectore
778 3293 853 3355 diras

174 3390 306 3472 Egerere
323 3389 389 3451 inde
405 3389 506 3472 dapes,
522 3390 714 3473 demersaque
725 3390 837 3452 viscera
850 3392 955 3472 gestit:
1085 3396 1149 3455 210

174 3484 245 3550 Flet
259 3486 359 3565 modd,
374 3508 465 3570 seque
482 3499 568 3548 vocat
581 3485 701 3549 bustum
715 3486 879 3549 miserabile
892 3489 971 3551 nati:

502 3583 551 3645 7*
756 3597 760 3601 ’
