2634 4259
525 383 699 478 priamus
723 382 797 439 xm.

502 530 721 660 netarum
748 582 860 699 xm(
932 558 937 563 ’

471 785 636 841 nomam
657 786 867 829 exornamur

182 920 321 1009 Mrrrrr,
335 944 366 994 et
380 944 462 1015 optat
476 954 588 1013 amans,
604 934 663 1018 qud
677 934 810 1012 mittitur,
824 935 877 1013 ire,
891 934 1026 1013 salutem,

224 1025 362 1090 AEmonis
376 1026 519 1112 AEmonio
532 1030 698 1093 Laodamia
712 1031 796 1097 viro

181 1123 292 1185 Aulide
307 1136 337 1185 te
353 1123 431 1187 lama
445 1140 489 1189 est
505 1140 594 1190 vento
608 1127 752 1190 retinente
766 1128 882 1192 morari.

225 1218 296 1281 Ab!
317 1240 367 1282 me
380 1221 450 1283 cum
464 1221 590 1303 sugeres,
605 1223 653 1285 bic
668 1223 718 1284 ubi
732 1237 837 1286 ventus
853 1236 915 1287 erat
923 1207 949 1285 Υ

181 1314 263 1377 Turn
278 1315 351 1378 freta
365 1318 525 1381 debuerant
540 1302 642 1383 vestris
655 1320 796 1383 obsistere
811 1321 909 1383 remis.
1032 1313 1037 1315 ’
1131 1322 1154 1384 5
1189 1314 1201 1330 ''

225 1410 302 1476 Illud
317 1406 379 1475 erat
393 1416 476 1477 sevis
490 1415 561 1477 utile
576 1429 695 1499 tempus
708 1416 799 1499 aquis.

181 1508 295 1570 Oscula
309 1511 392 1591 plura
406 1511 479 1588 viro,
494 1512 691 1595 mandataque
707 1513 791 1595 plura
805 1512 969 1575 dedissem:

225 1604 266 1666 Et
280 1619 348 1667 sunt
362 1628 426 1689 quae
442 1608 521 1670 volui
535 1608 634 1670 dicere
648 1609 733 1692 plura
749 1608 813 1686 tibi.

182 1699 299 1784 Raptus
314 1723 346 1767 es
361 1703 429 1765 hino
444 1725 591 1787 pracepsr
614 1718 655 1782 et,
672 1705 721 1787 qui
736 1719 787 1767 tua
802 1706 868 1767 vela
883 1717 1024 1782 vocaret„

225 1796 327 1871 Quem
341 1814 484 1882 cuperent
498 1813 604 1877 naute,
617 1821 678 1863 non
691 1821 759 1881 ego,
774 1813 879 1862 ventus
893 1813 965 1863 erat.
1112 1804 1153 1864 10

183 1892 299 1956 Ventus
314 1910 376 1957 erat
389 1895 483 1957 nautis
499 1909 594 1977 aptus,
609 1916 669 1981 non
685 1909 772 1978 aptus
786 1895 904 1958 amanti.

224 1990 330 2053 Solvor
344 1991 381 2053 ab
395 1991 546 2074 amplexu,
561 1990 736 2067 Protesilai,
749 2005 823 2069 tuo;

181 2085 357 2171 Linguaque
372 2088 535 2151 mandantis
551 2088 639 2149 verba
654 2086 827 2171 imperfecta
840 2086 994 2172 relinquit3
1072 2164 1077 2171 Ι

225 2182 287 2246 Vix
302 2184 372 2246 illud
387 2184 483 2268 potuit
497 2184 594 2247 dicere
609 2184 690 2247 triste
705 2182 826 2247 ‘Vale'
867 2249 871 2260 ,

180 2279 317 2343 Incubuit
330 2279 454 2361 Boreae,
469 2280 649 2364 abreptaque
664 2280 731 2343 vela
745 2280 887 2357 tetendit3
1111 2283 1151 2345 15
1222 2295 1225 2298 ’

222 2375 350 2460 Jamque
365 2397 449 2439 meus
463 2376 550 2458 longe
565 2368 744 2439 Protesilaus
758 2392 830 2438 erat.
962 2451 969 2462 ο

180 2472 263 2535 Dum
278 2473 361 2556 potui
376 2488 509 2556 spectare
524 2473 628 2550 virum,
644 2487 777 2556 spectare
787 2472 927 2558 juvabat:
981 2511 986 2521 ·

189 2648 191 2654 s
222 2568 355 2654 Sumque
369 2583 435 2631 tuos
448 2568 550 2632 oculos
564 2590 657 2652 usque
672 2583 774 2631 secuta
787 2569 872 2631 meis.

180 2664 224 2728 Ut
237 2680 267 2729 te
283 2688 341 2727 non
355 2678 498 2749 poteram,
513 2680 645 2749 poteram
660 2679 712 2728 tua
727 2666 793 2727 vela
807 2665 923 2729 videre:

223 2760 300 2825 Vela
315 2762 365 2825 diu
380 2756 477 2825 vultus
491 2762 644 2825 detinuere
657 2781 751 2825 meos.
1107 2763 1150 2825 20

179 2859 223 2921 At
238 2874 393 2943 postquam
407 2880 463 2922 nec
477 2873 518 2936 te,
532 2880 589 2921 nec
604 2857 671 2920 vela
685 2857 799 2939 fugacia
815 2857 892 2934 vidi3

223 2954 264 3017 Et
278 2955 357 3038 quod
372 2968 548 3038 spectarem,
562 2954 613 3029 nil,
628 2952 684 3015 nisi
697 2967 815 3036 pontus,
832 2967 912 3028 erat3
928 2958 930 2961 ’
998 3022 1004 3028 ,

179 3051 251 3115 Lux
267 3071 384 3135 quoque
399 3064 498 3113 tecum
513 3050 600 3125 abiit3
621 3048 748 3111 tenebris
764 3049 921 3130 emunguis
935 3048 1043 3111 obortis

222 3148 371 3211 Succiduo
385 3149 466 3210 dicor
479 3146 670 3230 procubuisse
684 3167 773 3228 genu.

181 3243 243 3307 Vix
257 3266 341 3307 socer
355 3244 495 3328 Iphiclus,
511 3244 562 3305 vix
576 3264 624 3305 me
638 3239 811 3324 grandevus
827 3242 964 3318 Acastus,
1106 3242 1148 3303 25

158 3349 163 3362 '
223 3340 286 3405 Vix
299 3356 394 3405 mater
407 3341 505 3424 gelida
518 3353 623 3403 rnoesta
637 3338 740 3402 reiecit
754 3338 842 3422 aqud.
932 3416 939 3428 ν

179 3436 319 3500 Officium
335 3438 432 3501 secdre
447 3438 539 3521 pium,
554 3436 607 3499 sed
621 3436 722 3498 inutile
736 3436 829 3499 nobis.

11 3600 15 3647 ι
222 3532 362 3617 Indignor
374 3534 486 3598 miserae
499 3554 558 3596 nou
573 3532 688 3623 licuisse
703 3532 786 3594 mori.

12 3700 16 3825 i
46 3794 49 3799 .
