2634 4259
156 382 218 443 160
551 385 743 437 Ennomus,

154 536 239 601 Pone
255 537 337 614 deos,
352 550 382 599 et
396 558 459 619 que
475 537 623 616 tangendo
636 534 886 618 sacroprofanas:

196 632 266 695 Non
281 634 357 695 hene
371 632 508 695 coelestes
523 633 613 713 impia
626 632 732 694 dextra
745 632 826 696 colit.
876 702 883 712 ,

154 730 187 793 Si
201 743 233 792 tu
247 730 342 793 cultor
355 750 420 791 eras
434 729 541 811 elapsis
555 729 622 810 igne
638 728 770 804 sutums3

195 826 328 888 Poenitet
342 825 458 907 elapsos
473 824 586 906 ignibus
602 845 667 886 esse
682 824 762 887 deos.
818 840 824 849 '

154 922 215 984 Sed
226 921 312 1006 jubet
326 922 367 983 ire
383 922 466 983 deus.
512 920 631 983 Vellem
647 922 788 983 vetuisset
802 920 902 997 adire;

196 1017 311 1081 Punica
325 1040 380 1081 nec
395 1017 520 1081 Teucris
534 1038 634 1101 pressa
648 1017 751 1080 suisset
764 1018 884 1079 humus.

154 1113 223 1178 Hoc
237 1116 313 1177 duce
331 1114 454 1200 (nempe
469 1113 554 1198 Deo)
572 1115 666 1175 ventis
680 1114 796 1195 agitaris
810 1113 926 1197 iniquis,

197 1209 239 1273 Et
253 1212 321 1273 teris
335 1211 364 1273 in
379 1211 480 1294 rapido
495 1222 626 1291 tempora
640 1209 729 1291 longa
742 1210 828 1272 freto.

153 1306 301 1387 Pergama
315 1307 365 1369 vix
380 1320 460 1369 tanto
474 1304 526 1368 tihi
540 1318 624 1367 erant
637 1307 800 1389 repetenda
811 1306 923 1383 labore,

197 1401 328 1469 Hectore
343 1403 367 1465 si
383 1403 460 1480 vivo,
476 1416 585 1487 quanta
600 1401 693 1480 fuere,
707 1401 813 1464 forent.
913 1436 916 1439 ⁴

154 1496 224 1561 Non
239 1500 365 1582 patrium
380 1498 532 1562 Shnoe'nta
547 1500 641 1582 petis;
663 1500 717 1560 sed
730 1496 869 1562 Tibridas
882 1498 986 1561 undas.

196 1593 327 1677 Nempe,
342 1608 375 1656 ut
390 1595 544 1677 pervenias
559 1594 618 1679 qud
632 1596 728 1677 cupis,
743 1596 852 1677 hospes
866 1596 934 1657 eris.

153 1676 256 1774 thue
270 1690 352 1767 latet,
370 1690 497 1773 vitatque
511 1704 576 1753 tuas
592 1691 724 1753 abstrusa
737 1692 861 1769 carinas,

197 1785 259 1850 Vix
273 1787 325 1849 tibi
338 1786 490 1868 continget
504 1800 580 1849 terra
594 1787 687 1872 petita
701 1788 775 1871 seni.

153 1882 219 1945 Hos
234 1883 330 1965 potiris
345 1883 471 1965 populos
485 1882 516 1945 in
530 1884 641 1961 dotem,
656 1884 781 1966 ambage
794 1883 927 1960 remissit,

195 1978 329 2062 Accipe3
351 1992 381 2041 et
396 1978 534 2042 advectas
548 1978 750 2062 Pygmalionis
764 2001 849 2063 opes.
869 2052 874 2057 ,

153 2074 226 2137 Ilion
240 2074 270 2135 in
284 2063 546 2157 Tyriam‘transser
560 2074 673 2145 felicius
686 2074 808 2138 urbem:
1089 2138 1098 2155 ‚

195 2168 351 2252 Hancque‚
367 2169 465 2232 locum
479 2170 571 2250 regni,
585 2184 761 2254 sceptraque
774 2192 858 2233 sacra
870 2184 951 2234 tene.
1076 2240 1088 2261 .

153 2264 186 2327 Si
201 2264 251 2327 tibi
266 2286 350 2327 rnens
365 2264 452 2327 auida
466 2278 512 2327 est
525 2266 606 2342 belli,
621 2266 645 2328 si
661 2266 762 2349 quaerit
776 2265 858 2330 Iiilus

194 2359 284 2424 Unde
299 2382 352 2424 suo
367 2372 466 2445 partus
481 2360 580 2425 Marte
594 2362 761 2446 tnumphus
775 2377 823 2427 eat
831 2384 842 2440 ;

153 2455 255 2530 Quem
270 2471 400 2541 superet,
414 2480 453 2520 ne
469 2459 538 2542 quid
554 2460 639 2536 desit,
654 2460 847 2542 praebebimus
862 2461 988 2524 hostem.

194 2548 254 2615 Hic
268 2554 349 2637 pacis
364 2555 455 2635 leges,
470 2554 519 2616 hic
533 2555 616 2617 locus
630 2577 712 2618 anna
723 2557 814 2640 capit.

151 2647 202 2710 Tu
217 2648 317 2725 modd,
332 2670 386 2732 per
400 2662 536 2727 matrem,
552 2650 737 2735 sratemaqne
751 2653 821 2730 tela,
835 2654 965 2735 sagittas,

194 2742 313 2827 Perque
328 2744 403 2826 suga
418 2746 556 2822 comites,
567 2745 708 2809 Dardana
722 2768 814 2825 secra,
830 2749 919 2811 deos:

154 2839 219 2924 (Sic
234 2854 384 2923 superent,
400 2861 590 2925 quoscunque
606 2841 657 2917 rus
672 2842 710 2904 de
724 2858 813 2924 gente
828 2858 970 2928 reportes,
1077 2866 1081 2871 ’

194 2934 276 2998 Mars
291 2935 368 2999 ferus
383 2952 414 2999 et
429 2938 542 3000 damnis
557 2938 594 3001 sit
608 2939 713 3001 modus
728 2940 778 3002 ille
792 2942 860 3019 tuis,

151 3032 356 3115 Ascaniusque
371 3056 440 3096 suos
455 3034 579 3097 feliciter
592 3036 714 3117 impleat
725 3057 828 3113 annos,

196 3127 236 3189 Et
251 3128 327 3191 senis
342 3130 484 3192 Anchise
499 3131 624 3193 molliter
638 3153 706 3193 ossa
719 3131 845 3218 cubem)

152 3221 248 3285 Parce
263 3244 367 3305 precor
382 3226 493 3302 domui,
509 3248 573 3309 que
588 3246 620 3289 se
635 3228 688 3289 tibi
703 3229 789 3291 tradit
804 3230 979 3293 habendam.

196 3316 288 3391 Quod
301 3321 414 3384 crimen
429 3322 511 3400 dicis,
526 3335 631 3406 praeter
649 3324 775 3401 amisse,
792 3328 914 3387 meum?

153 3412 221 3475 Non
236 3433 292 3492 ego
307 3434 373 3477 sum
388 3418 525 3501 ¹Phthias,
540 3421 712 3503 magnisque
726 3422 848 3484 oriunda
861 3422 1018 3505 Mycenis:

194 3506 260 3570 Nec
275 3520 421 3576 steterunt
434 3515 463 3577 iu
478 3530 507 3579 te
524 3517 625 3601 virque
640 3531 783 3602 paterque
796 3540 891 3581 meus.
