<?xml version="1.0" encoding="UTF-8"?>
<!DOCTYPE html PUBLIC "-//W3C//DTD XHTML 1.0 Transitional//EN"
    "http://www.w3.org/TR/xhtml1/DTD/xhtml1-transitional.dtd">
<html xmlns="http://www.w3.org/1999/xhtml" xml:lang="en" lang="en">
 <head>
  <title>
</title>
<meta http-equiv="Content-Type" content="text/html;charset=utf-8" />
  <meta name='ocr-system' content='tesseract 3.04.00' />
  <meta name='ocr-capabilities' content='ocr_page ocr_carea ocr_par ocr_line ocrx_word'/>
</head>
<body>
  <div class='ocr_page' id='page_1' title='image "./excerptaexscrip01goulgoog_0137.png"; bbox 0 0 2634 4259; ppageno 0'>
   <div class='ocr_carea' id='block_1_1' title="bbox 571 354 768 441">
    <p class='ocr_par' dir='ltr' id='par_1_1' title="bbox 571 354 768 441">
     <span class='ocr_line' id='line_1_1' title="bbox 571 354 768 441; baseline 0.005 -1"><span class='ocrx_word' id='word_1_1' title='bbox 571 354 678 441; x_wconf 76' lang='lat' dir='ltr'>arana</span> <span class='ocrx_word' id='word_1_2' title='bbox 694 390 768 441; x_wconf 86' lang='lat' dir='ltr'>x111.</span> 
     </span>
    </p>
   </div>
   <div class='ocr_carea' id='block_1_2' title="bbox 104 536 1162 3599">
    <p class='ocr_par' dir='ltr' id='par_1_2' title="bbox 187 536 962 623">
     <span class='ocr_line' id='line_1_2' title="bbox 187 536 962 623; baseline 0 -22"><span class='ocrx_word' id='word_1_3' title='bbox 187 536 332 601; x_wconf 85' lang='lat' dir='ltr'>Prodere:</span> <span class='ocrx_word' id='word_1_4' title='bbox 356 552 387 600; x_wconf 94' lang='lat' dir='ltr'>et</span> <span class='ocrx_word' id='word_1_5' title='bbox 402 539 507 601; x_wconf 82' lang='lat' dir='ltr'>edidici</span> <span class='ocrx_word' id='word_1_6' title='bbox 522 538 592 621; x_wconf 89' lang='lat' dir='ltr'>quid</span> <span class='ocrx_word' id='word_1_7' title='bbox 607 540 718 622; x_wconf 87' lang='lat' dir='ltr'>perfida</span> <span class='ocrx_word' id='word_1_8' title='bbox 731 538 823 622; x_wconf 90' lang='lat' dir='ltr'>Troja</span> <span class='ocrx_word' id='word_1_9' title='bbox 836 552 962 623; x_wconf 88' lang='lat' dir='ltr'>pararet.</span> 
     </span>
    </p>

    <p class='ocr_par' dir='ltr' id='par_1_3' title="bbox 186 633 1035 717">
     <span class='ocr_line' id='line_1_3' title="bbox 186 633 1035 717; baseline 0.002 -21"><span class='ocrx_word' id='word_1_10' title='bbox 186 633 293 697; x_wconf 88' lang='lat' dir='ltr'>Omnia</span> <span class='ocrx_word' id='word_1_11' title='bbox 307 634 483 716; x_wconf 72' lang='lat' dir='ltr'>cognitam:</span> <span class='ocrx_word' id='word_1_12' title='bbox 506 656 572 710; x_wconf 88' lang='lat' dir='ltr'>nec,</span> <span class='ocrx_word' id='word_1_13' title='bbox 588 636 667 717; x_wconf 93' lang='lat' dir='ltr'>quod</span> <span class='ocrx_word' id='word_1_14' title='bbox 681 634 857 717; x_wconf 83' lang='lat' dir='ltr'><strong>specularer,</strong></span> <span class='ocrx_word' id='word_1_15' title='bbox 872 635 1035 703; x_wconf 83' lang='lat' dir='ltr'><strong>habebam:</strong></span> 
     </span>
    </p>

    <p class='ocr_par' dir='ltr' id='par_1_4' title="bbox 185 730 932 814">
     <span class='ocr_line' id='line_1_4' title="bbox 185 730 932 814; baseline 0 -21"><span class='ocrx_word' id='word_1_16' title='bbox 185 730 227 793; x_wconf 89' lang='lat' dir='ltr'>Et</span> <span class='ocrx_word' id='word_1_17' title='bbox 242 730 299 792; x_wconf 91' lang='lat' dir='ltr'>iam</span> <span class='ocrx_word' id='word_1_18' title='bbox 316 730 468 814; x_wconf 78' lang='lat' dir='ltr'>praemissia</span> <span class='ocrx_word' id='word_1_19' title='bbox 483 744 614 813; x_wconf 88' lang='lat' dir='ltr'>poteram</span> <span class='ocrx_word' id='word_1_20' title='bbox 629 752 698 792; x_wconf 89' lang='lat' dir='ltr'>cum</span> <span class='ocrx_word' id='word_1_21' title='bbox 713 732 800 792; x_wconf 91' lang='lat' dir='ltr'>laude</span> <span class='ocrx_word' id='word_1_22' title='bbox 814 732 932 793; x_wconf 87' lang='lat' dir='ltr'>reverti.</span> 
     </span>
    </p>

    <p class='ocr_par' dir='ltr' id='par_1_5' title="bbox 186 826 856 908">
     <span class='ocr_line' id='line_1_5' title="bbox 186 826 856 908; baseline 0.001 -20"><span class='ocrx_word' id='word_1_23' title='bbox 186 826 276 889; x_wconf 84' lang='lat' dir='ltr'>Haud</span> <span class='ocrx_word' id='word_1_24' title='bbox 290 841 444 889; x_wconf 86' lang='lat' dir='ltr'>contentus</span> <span class='ocrx_word' id='word_1_25' title='bbox 459 827 506 903; x_wconf 76' lang='lat' dir='ltr'>ei,</span> <span class='ocrx_word' id='word_1_26' title='bbox 521 826 593 908; x_wconf 89' lang='lat' dir='ltr'>petii</span> <span class='ocrx_word' id='word_1_27' title='bbox 608 827 733 889; x_wconf 90' lang='lat' dir='ltr'>tentoria</span> <span class='ocrx_word' id='word_1_28' title='bbox 749 826 856 904; x_wconf 86' lang='lat' dir='ltr'>Rhesi,</span> 
     </span>
    </p>

    <p class='ocr_par' dir='ltr' id='par_1_6' title="bbox 185 922 1157 1103">
     <span class='ocr_line' id='line_1_6' title="bbox 185 922 1157 1006; baseline -0.001 -21"><span class='ocrx_word' id='word_1_29' title='bbox 185 922 279 1006; x_wconf 86' lang='lat' dir='ltr'>Inque</span> <span class='ocrx_word' id='word_1_30' title='bbox 294 924 353 985; x_wconf 83' lang='lat' dir='ltr'>suis</span> <span class='ocrx_word' id='word_1_31' title='bbox 368 923 464 1005; x_wconf 92' lang='lat' dir='ltr'>ipsum</span> <span class='ocrx_word' id='word_1_32' title='bbox 478 924 579 984; x_wconf 88' lang='lat' dir='ltr'>castris</span> <span class='ocrx_word' id='word_1_33' title='bbox 592 924 776 1005; x_wconf 89' lang='lat' dir='ltr'>comitesque</span> <span class='ocrx_word' id='word_1_34' title='bbox 791 923 913 1004; x_wconf 88' lang='lat' dir='ltr'>peremi.</span> <span class='ocrx_word' id='word_1_35' title='bbox 1093 923 1157 984; x_wconf 74' lang='lat'>250</span> 
     </span>
     <span class='ocr_line' id='line_1_7' title="bbox 185 1019 914 1103; baseline -0.003 -22"><span class='ocrx_word' id='word_1_36' title='bbox 185 1019 287 1102; x_wconf 86' lang='lat' dir='ltr'>Atque</span> <span class='ocrx_word' id='word_1_37' title='bbox 302 1020 343 1081; x_wconf 88' lang='lat' dir='ltr'>ita</span> <span class='ocrx_word' id='word_1_38' title='bbox 356 1021 475 1103; x_wconf 88' lang='lat' dir='ltr'>captivo</span> <span class='ocrx_word' id='word_1_39' title='bbox 491 1020 585 1101; x_wconf 82' lang='lat' dir='ltr'>victor</span> <span class='ocrx_word' id='word_1_40' title='bbox 598 1020 731 1102; x_wconf 89' lang='lat' dir='ltr'>votisque</span> <span class='ocrx_word' id='word_1_41' title='bbox 746 1021 866 1101; x_wconf 86' lang='lat' dir='ltr'>potitus,</span> <span class='ocrx_word' id='word_1_42' title='bbox 908 1041 914 1051; x_wconf 87' lang='grc'>’</span> 
     </span>
    </p>

    <p class='ocr_par' dir='ltr' id='par_1_7' title="bbox 185 1115 876 1199">
     <span class='ocr_line' id='line_1_8' title="bbox 185 1115 876 1199; baseline -0.001 -22"><span class='ocrx_word' id='word_1_43' title='bbox 185 1115 336 1197; x_wconf 81' lang='lat' dir='ltr'>Ingredior</span> <span class='ocrx_word' id='word_1_44' title='bbox 348 1138 434 1177; x_wconf 92' lang='lat' dir='ltr'>curru</span> <span class='ocrx_word' id='word_1_45' title='bbox 450 1116 531 1178; x_wconf 80' lang='lat' dir='ltr'>letos</span> <span class='ocrx_word' id='word_1_46' title='bbox 547 1116 876 1199; x_wconf 83' lang='lat' dir='ltr'>imitante&#39;triumpboa;</span> 
     </span>
    </p>

    <p class='ocr_par' dir='ltr' id='par_1_8' title="bbox 186 1210 1006 1294">
     <span class='ocr_line' id='line_1_9' title="bbox 186 1210 1006 1294; baseline 0.002 -21"><span class='ocrx_word' id='word_1_47' title='bbox 186 1210 282 1293; x_wconf 90' lang='lat' dir='ltr'>Cujus</span> <span class='ocrx_word' id='word_1_48' title='bbox 297 1232 388 1293; x_wconf 90' lang='lat' dir='ltr'>equos</span> <span class='ocrx_word' id='word_1_49' title='bbox 403 1212 530 1294; x_wconf 92' lang='lat' dir='ltr'>pretium</span> <span class='ocrx_word' id='word_1_50' title='bbox 545 1232 599 1293; x_wconf 92' lang='lat' dir='ltr'>pro</span> <span class='ocrx_word' id='word_1_51' title='bbox 614 1225 701 1273; x_wconf 90' lang='lat' dir='ltr'>nocte</span> <span class='ocrx_word' id='word_1_52' title='bbox 716 1226 890 1294; x_wconf 81' lang='lat' dir='ltr'>poposcerat</span> <span class='ocrx_word' id='word_1_53' title='bbox 905 1212 1006 1275; x_wconf 83' lang='lat' dir='ltr'>hostis.</span> 
     </span>
    </p>

    <p class='ocr_par' dir='ltr' id='par_1_9' title="bbox 185 1306 944 1391">
     <span class='ocr_line' id='line_1_10' title="bbox 185 1306 944 1391; baseline 0.003 -24"><span class='ocrx_word' id='word_1_54' title='bbox 185 1308 280 1368; x_wconf 87' lang='lat' dir='ltr'>Anna</span> <span class='ocrx_word' id='word_1_55' title='bbox 292 1321 398 1387; x_wconf 88' lang='lat' dir='ltr'>negate</span> <span class='ocrx_word' id='word_1_56' title='bbox 413 1308 483 1369; x_wconf 91' lang='lat' dir='ltr'>mihi</span> <span class='ocrx_word' id='word_1_57' title='bbox 496 1306 671 1389; x_wconf 69' lang='lat' dir='ltr'>:luantque</span> <span class='ocrx_word' id='word_1_58' title='bbox 685 1308 837 1388; x_wconf 86' lang='lat' dir='ltr'>benignior</span> <span class='ocrx_word' id='word_1_59' title='bbox 852 1307 944 1391; x_wconf 86' lang='lat' dir='ltr'>Ajax.</span> 
     </span>
    </p>

    <p class='ocr_par' dir='ltr' id='par_1_10' title="bbox 104 1402 1157 1870">
     <span class='ocr_line' id='line_1_11' title="bbox 229 1402 1157 1486; baseline 0.003 -22"><span class='ocrx_word' id='word_1_60' title='bbox 229 1402 312 1475; x_wconf 85' lang='lat' dir='ltr'>Quid</span> <span class='ocrx_word' id='word_1_61' title='bbox 327 1403 415 1485; x_wconf 90' lang='lat' dir='ltr'>Lycii</span> <span class='ocrx_word' id='word_1_62' title='bbox 429 1402 553 1465; x_wconf 86' lang='lat' dir='ltr'>reseram</span> <span class='ocrx_word' id='word_1_63' title='bbox 568 1403 746 1486; x_wconf 88' lang='lat' dir='ltr'>Sarpedonis</span> <span class='ocrx_word' id='word_1_64' title='bbox 761 1404 878 1485; x_wconf 89' lang='lat' dir='ltr'>agmina</span> <span class='ocrx_word' id='word_1_65' title='bbox 891 1404 968 1465; x_wconf 82' lang='lat' dir='ltr'>ferro</span> <span class='ocrx_word' id='word_1_66' title='bbox 1095 1406 1157 1467; x_wconf 76' lang='lat'>255</span> 
     </span>
     <span class='ocr_line' id='line_1_12' title="bbox 104 1492 894 1585; baseline 0.003 -26"><span class='ocrx_word' id='word_1_67' title='bbox 104 1492 108 1500; x_wconf 78' lang='grc'><strong>’</strong></span> <span class='ocrx_word' id='word_1_68' title='bbox 185 1497 349 1561; x_wconf 83' lang='lat' dir='ltr'>Devastatai</span> <span class='ocrx_word' id='word_1_69' title='bbox 362 1501 453 1585; x_wconf 61' lang='lat' dir='ltr'>meo}</span> <span class='ocrx_word' id='word_1_70' title='bbox 475 1498 555 1561; x_wconf 93' lang='lat' dir='ltr'>Cum</span> <span class='ocrx_word' id='word_1_71' title='bbox 571 1499 664 1561; x_wconf 91' lang='lat' dir='ltr'>multo</span> <span class='ocrx_word' id='word_1_72' title='bbox 679 1502 818 1581; x_wconf 89' lang='lat' dir='ltr'>sanguine</span> <span class='ocrx_word' id='word_1_73' title='bbox 832 1498 894 1561; x_wconf 87' lang='lat' dir='ltr'>sudi</span> 
     </span>
     <span class='ocr_line' id='line_1_13' title="bbox 186 1593 1086 1678; baseline -0.001 -20"><span class='ocrx_word' id='word_1_74' title='bbox 186 1593 348 1671; x_wconf 89' lang='lat' dir='ltr'>Coeranon,</span> <span class='ocrx_word' id='word_1_75' title='bbox 363 1594 558 1678; x_wconf 88' lang='lat' dir='ltr'>Hippasiden‚</span> <span class='ocrx_word' id='word_1_76' title='bbox 573 1609 604 1657; x_wconf 91' lang='lat' dir='ltr'>et</span> <span class='ocrx_word' id='word_1_77' title='bbox 618 1596 826 1678; x_wconf 85' lang='lat' dir='ltr'>Alastoraque,</span> <span class='ocrx_word' id='word_1_78' title='bbox 841 1595 1086 1678; x_wconf 85' lang='lat' dir='ltr'>Chromiumque,</span> 
     </span>
     <span class='ocr_line' id='line_1_14' title="bbox 186 1689 1116 1775; baseline 0 -24"><span class='ocrx_word' id='word_1_79' title='bbox 186 1691 438 1774; x_wconf 84' lang='lat' dir='ltr'>Alcandrumque,</span> <span class='ocrx_word' id='word_1_80' title='bbox 453 1689 645 1775; x_wconf 87' lang='lat' dir='ltr'>Haliumque,</span> <span class='ocrx_word' id='word_1_81' title='bbox 660 1690 888 1774; x_wconf 81' lang='lat' dir='ltr'>No&#39;e&#39;monaque,</span> <span class='ocrx_word' id='word_1_82' title='bbox 902 1690 1116 1773; x_wconf 87' lang='lat' dir='ltr'>Prytaninque,</span> 
     </span>
     <span class='ocr_line' id='line_1_15' title="bbox 187 1786 932 1870; baseline -0.001 -21"><span class='ocrx_word' id='word_1_83' title='bbox 187 1786 348 1870; x_wconf 82' lang='lat' dir='ltr'>Exitioque</span> <span class='ocrx_word' id='word_1_84' title='bbox 364 1788 431 1849; x_wconf 90' lang='lat' dir='ltr'>dedi</span> <span class='ocrx_word' id='word_1_85' title='bbox 447 1809 516 1849; x_wconf 89' lang='lat' dir='ltr'>cum</span> <span class='ocrx_word' id='word_1_86' title='bbox 532 1786 932 1862; x_wconf 84' lang='lat' dir='ltr'>ChersidamanteThoona,</span> 
     </span>
    </p>

    <p class='ocr_par' dir='ltr' id='par_1_11' title="bbox 187 1882 1160 2152">
     <span class='ocr_line' id='line_1_16' title="bbox 187 1882 1160 1967; baseline 0.002 -23"><span class='ocrx_word' id='word_1_87' title='bbox 187 1882 229 1945; x_wconf 88' lang='lat' dir='ltr'>Et</span> <span class='ocrx_word' id='word_1_88' title='bbox 244 1883 415 1967; x_wconf 86' lang='lat' dir='ltr'>Charopen,</span> <span class='ocrx_word' id='word_1_89' title='bbox 431 1884 554 1965; x_wconf 89' lang='lat' dir='ltr'>satisque</span> <span class='ocrx_word' id='word_1_90' title='bbox 570 1884 729 1945; x_wconf 88' lang='lat' dir='ltr'>immitibus</span> <span class='ocrx_word' id='word_1_91' title='bbox 744 1883 903 1945; x_wconf 86' lang='lat' dir='ltr'>Ennomon</span> <span class='ocrx_word' id='word_1_92' title='bbox 919 1896 1037 1945; x_wconf 87' lang='lat' dir='ltr'>actum:</span> <span class='ocrx_word' id='word_1_93' title='bbox 1095 1884 1160 1946; x_wconf 74' lang='lat'>260</span> 
     </span>
     <span class='ocr_line' id='line_1_17' title="bbox 187 1978 1005 2063; baseline 0.002 -24"><span class='ocrx_word' id='word_1_94' title='bbox 187 1978 309 2063; x_wconf 84' lang='lat' dir='ltr'>Quique</span> <span class='ocrx_word' id='word_1_95' title='bbox 323 1980 419 2041; x_wconf 87' lang='lat' dir='ltr'>minirs</span> <span class='ocrx_word' id='word_1_96' title='bbox 435 1980 567 2041; x_wconf 87' lang='lat' dir='ltr'>celebres</span> <span class='ocrx_word' id='word_1_97' title='bbox 581 1981 682 2041; x_wconf 74' lang='lat' dir='ltr'>nostra</span> <span class='ocrx_word' id='word_1_98' title='bbox 695 1979 750 2040; x_wconf 92' lang='lat' dir='ltr'>sub</span> <span class='ocrx_word' id='word_1_99' title='bbox 764 1978 912 2040; x_wconf 81' lang='lat' dir='ltr'>moenibus</span> <span class='ocrx_word' id='word_1_100' title='bbox 925 1978 1005 2041; x_wconf 84' lang='lat' dir='ltr'>urbia</span> 
     </span>
     <span class='ocr_line' id='line_1_18' title="bbox 187 2074 996 2152; baseline 0 -15"><span class='ocrx_word' id='word_1_101' title='bbox 187 2074 377 2139; x_wconf 71' lang='lat' dir='ltr'>Procubudre</span> <span class='ocrx_word' id='word_1_102' title='bbox 392 2097 492 2139; x_wconf 89' lang='lat' dir='ltr'>manu.</span> <span class='ocrx_word' id='word_1_103' title='bbox 536 2074 612 2137; x_wconf 90' lang='lat' dir='ltr'>Sunt</span> <span class='ocrx_word' id='word_1_104' title='bbox 627 2075 742 2137; x_wconf 88' lang='lat' dir='ltr'>etmihi</span> <span class='ocrx_word' id='word_1_105' title='bbox 757 2075 890 2151; x_wconf 87' lang='lat' dir='ltr'>vulnera,</span> <span class='ocrx_word' id='word_1_106' title='bbox 904 2075 996 2152; x_wconf 81' lang='lat' dir='ltr'>cives,</span> 
     </span>
    </p>

    <p class='ocr_par' dir='ltr' id='par_1_12' title="bbox 187 2170 924 2254">
     <span class='ocr_line' id='line_1_19' title="bbox 187 2170 924 2254; baseline 0.001 -21"><span class='ocrx_word' id='word_1_107' title='bbox 187 2170 257 2254; x_wconf 92' lang='lat' dir='ltr'>Ipso</span> <span class='ocrx_word' id='word_1_108' title='bbox 271 2173 394 2254; x_wconf 89' lang='lat' dir='ltr'>pulchra</span> <span class='ocrx_word' id='word_1_109' title='bbox 406 2173 490 2235; x_wconf 91' lang='lat' dir='ltr'>loco:</span> <span class='ocrx_word' id='word_1_110' title='bbox 513 2193 569 2234; x_wconf 87' lang='lat' dir='ltr'>nec</span> <span class='ocrx_word' id='word_1_111' title='bbox 585 2172 666 2233; x_wconf 88' lang='lat' dir='ltr'>vanis</span> <span class='ocrx_word' id='word_1_112' title='bbox 680 2171 792 2235; x_wconf 86' lang='lat' dir='ltr'>credite</span> <span class='ocrx_word' id='word_1_113' title='bbox 810 2172 924 2235; x_wconf 87' lang='lat' dir='ltr'>verbis:</span> 
     </span>
    </p>

    <p class='ocr_par' dir='ltr' id='par_1_13' title="bbox 187 2256 1160 2541">
     <span class='ocr_line' id='line_1_20' title="bbox 187 2256 1119 2355; baseline 0.001 -26"><span class='ocrx_word' id='word_1_114' title='bbox 187 2268 322 2351; x_wconf 84' lang='lat' dir='ltr'>Aspicite</span> <span class='ocrx_word' id='word_1_115' title='bbox 334 2266 374 2329; x_wconf 83' lang='lat' dir='ltr'>&#39;en</span> <span class='ocrx_word' id='word_1_116' title='bbox 388 2268 409 2331; x_wconf 90' lang='lat'>!&#39;</span> <span class='ocrx_word' id='word_1_117' title='bbox 435 2256 623 2355; x_wconf 79' lang='lat' dir='ltr'>(vestemque</span> <span class='ocrx_word' id='word_1_118' title='bbox 638 2290 727 2333; x_wconf 90' lang='lat' dir='ltr'>manu</span> <span class='ocrx_word' id='word_1_119' title='bbox 742 2268 869 2354; x_wconf 90' lang='lat' dir='ltr'>diducit)</span> <span class='ocrx_word' id='word_1_120' title='bbox 885 2277 927 2345; x_wconf 90' lang='lat' dir='ltr'>et,</span> <span class='ocrx_word' id='word_1_121' title='bbox 941 2264 1035 2331; x_wconf 69' lang='lat' dir='ltr'>‘Halo</span> <span class='ocrx_word' id='word_1_122' title='bbox 1050 2282 1119 2330; x_wconf 85' lang='lat' dir='ltr'>sunt</span> 
     </span>
     <span class='ocr_line' id='line_1_21' title="bbox 188 2363 1160 2447; baseline 0.002 -22"><span class='ocrx_word' id='word_1_123' title='bbox 188 2363 314 2426; x_wconf 88' lang='lat' dir='ltr'>Pectora</span> <span class='ocrx_word' id='word_1_124' title='bbox 328 2364 465 2447; x_wconf 90' lang='lat' dir='ltr'>semper,&#39;</span> <span class='ocrx_word' id='word_1_125' title='bbox 482 2365 532 2439; x_wconf 91' lang='lat' dir='ltr'>ait,</span> <span class='ocrx_word' id='word_1_126' title='bbox 544 2373 552 2401; x_wconf 86' lang='lat'>‘</span> <span class='ocrx_word' id='word_1_127' title='bbox 566 2365 668 2425; x_wconf 89' lang='lat' dir='ltr'>vestris</span> <span class='ocrx_word' id='word_1_128' title='bbox 682 2365 813 2428; x_wconf 82' lang='lat' dir='ltr'>exercita</span> <span class='ocrx_word' id='word_1_129' title='bbox 827 2366 924 2427; x_wconf 88' lang='lat' dir='ltr'>rebus.</span> <span class='ocrx_word' id='word_1_130' title='bbox 1095 2365 1160 2427; x_wconf 70' lang='lat'>265</span> 
     </span>
     <span class='ocr_line' id='line_1_22' title="bbox 188 2458 913 2541; baseline 0.001 -20"><span class='ocrx_word' id='word_1_131' title='bbox 188 2460 231 2521; x_wconf 88' lang='lat' dir='ltr'>At</span> <span class='ocrx_word' id='word_1_132' title='bbox 245 2461 313 2521; x_wconf 89' lang='lat' dir='ltr'>nihil</span> <span class='ocrx_word' id='word_1_133' title='bbox 330 2460 474 2541; x_wconf 92' lang='lat' dir='ltr'>impendit</span> <span class='ocrx_word' id='word_1_134' title='bbox 490 2480 542 2541; x_wconf 92' lang='lat' dir='ltr'>per</span> <span class='ocrx_word' id='word_1_135' title='bbox 556 2473 599 2521; x_wconf 91' lang='lat' dir='ltr'>tot</span> <span class='ocrx_word' id='word_1_136' title='bbox 614 2458 913 2523; x_wconf 62' lang='lat' dir='ltr'>Telamonius&#39;annos</span> 
     </span>
    </p>

    <p class='ocr_par' dir='ltr' id='par_1_14' title="bbox 188 2555 1017 2639">
     <span class='ocr_line' id='line_1_23' title="bbox 188 2555 1017 2639; baseline 0.002 -22"><span class='ocrx_word' id='word_1_137' title='bbox 188 2556 342 2637; x_wconf 84' lang='lat' dir='ltr'>Sanguinis</span> <span class='ocrx_word' id='word_1_138' title='bbox 358 2556 387 2616; x_wconf 91' lang='lat' dir='ltr'>in</span> <span class='ocrx_word' id='word_1_139' title='bbox 402 2555 516 2617; x_wconf 93' lang='lat' dir='ltr'>socios:</span> <span class='ocrx_word' id='word_1_140' title='bbox 539 2568 571 2617; x_wconf 91' lang='lat' dir='ltr'>et</span> <span class='ocrx_word' id='word_1_141' title='bbox 585 2555 675 2616; x_wconf 91' lang='lat' dir='ltr'>habet</span> <span class='ocrx_word' id='word_1_142' title='bbox 687 2555 751 2617; x_wconf 89' lang='lat' dir='ltr'>sine</span> <span class='ocrx_word' id='word_1_143' title='bbox 766 2558 886 2618; x_wconf 90' lang='lat' dir='ltr'>vulnere</span> <span class='ocrx_word' id='word_1_144' title='bbox 900 2578 1017 2639; x_wconf 86' lang='lat' dir='ltr'>corpus.</span> 
     </span>
    </p>

    <p class='ocr_par' dir='ltr' id='par_1_15' title="bbox 188 2650 1162 3212">
     <span class='ocr_line' id='line_1_24' title="bbox 231 2650 1069 2735; baseline 0.001 -22"><span class='ocrx_word' id='word_1_145' title='bbox 231 2651 315 2723; x_wconf 83' lang='lat' dir='ltr'>Quid</span> <span class='ocrx_word' id='word_1_146' title='bbox 330 2664 428 2712; x_wconf 89' lang='lat' dir='ltr'>tamen</span> <span class='ocrx_word' id='word_1_147' title='bbox 443 2651 500 2713; x_wconf 90' lang='lat' dir='ltr'>hoc</span> <span class='ocrx_word' id='word_1_148' title='bbox 515 2650 614 2727; x_wconf 85' lang='lat' dir='ltr'>refert,</span> <span class='ocrx_word' id='word_1_149' title='bbox 629 2651 700 2713; x_wconf 80' lang='lat' dir='ltr'>si&#39;se</span> <span class='ocrx_word' id='word_1_150' title='bbox 715 2673 769 2735; x_wconf 91' lang='lat' dir='ltr'>pro</span> <span class='ocrx_word' id='word_1_151' title='bbox 781 2653 876 2715; x_wconf 86' lang='lat' dir='ltr'>classo</span> <span class='ocrx_word' id='word_1_152' title='bbox 892 2652 1022 2735; x_wconf 82' lang='lat' dir='ltr'>Pelasgia</span> <span class='ocrx_word' id='word_1_153' title='bbox 1064 2720 1069 2723; x_wconf 53' lang='grc'><strong>,</strong></span> 
     </span>
     <span class='ocr_line' id='line_1_25' title="bbox 188 2745 984 2832; baseline 0.003 -23"><span class='ocrx_word' id='word_1_154' title='bbox 188 2748 281 2809; x_wconf 88' lang='lat' dir='ltr'>Arma</span> <span class='ocrx_word' id='word_1_155' title='bbox 294 2747 395 2808; x_wconf 88' lang='lat' dir='ltr'>tulisse</span> <span class='ocrx_word' id='word_1_156' title='bbox 408 2746 495 2809; x_wconf 81' lang='lat' dir='ltr'>refert</span> <span class='ocrx_word' id='word_1_157' title='bbox 509 2760 610 2809; x_wconf 88' lang='lat' dir='ltr'>contra</span> <span class='ocrx_word' id='word_1_158' title='bbox 624 2745 779 2831; x_wconf 86' lang='lat' dir='ltr'>Troasque</span> <span class='ocrx_word' id='word_1_159' title='bbox 793 2748 984 2832; x_wconf 78' lang='lat' dir='ltr'>lovemque?</span> 
     </span>
     <span class='ocr_line' id='line_1_26' title="bbox 188 2843 1162 2927; baseline 0.002 -22"><span class='ocrx_word' id='word_1_160' title='bbox 188 2843 408 2925; x_wconf 87' lang='lat' dir='ltr'>Confiteorque,</span> <span class='ocrx_word' id='word_1_161' title='bbox 424 2843 507 2905; x_wconf 91' lang='lat' dir='ltr'>tulit:</span> <span class='ocrx_word' id='word_1_162' title='bbox 531 2844 722 2926; x_wconf 88' lang='lat' dir='ltr'>nequeenim</span> <span class='ocrx_word' id='word_1_163' title='bbox 737 2845 815 2905; x_wconf 91' lang='lat' dir='ltr'>bene</span> <span class='ocrx_word' id='word_1_164' title='bbox 830 2844 906 2907; x_wconf 86' lang='lat' dir='ltr'>sacta</span> <span class='ocrx_word' id='word_1_165' title='bbox 920 2843 1048 2927; x_wconf 74' lang='lat' dir='ltr'>maligne</span> <span class='ocrx_word' id='word_1_166' title='bbox 1097 2846 1162 2907; x_wconf 69' lang='lat'>2¹10</span> 
     </span>
     <span class='ocr_line' id='line_1_27' title="bbox 188 2939 982 3003; baseline 0 -2"><span class='ocrx_word' id='word_1_167' title='bbox 188 2939 363 3001; x_wconf 87' lang='lat' dir='ltr'>Detrectare</span> <span class='ocrx_word' id='word_1_168' title='bbox 379 2960 480 3003; x_wconf 87' lang='lat' dir='ltr'>meum</span> <span class='ocrx_word' id='word_1_169' title='bbox 495 2952 557 3000; x_wconf 90' lang='lat' dir='ltr'>est:</span> <span class='ocrx_word' id='word_1_170' title='bbox 581 2939 634 3001; x_wconf 87' lang='lat' dir='ltr'>sed</span> <span class='ocrx_word' id='word_1_171' title='bbox 649 2960 706 2999; x_wconf 85' lang='lat' dir='ltr'>nec</span> <span class='ocrx_word' id='word_1_172' title='bbox 719 2940 888 3000; x_wconf 90' lang='lat' dir='ltr'>communia</span> <span class='ocrx_word' id='word_1_173' title='bbox 902 2941 982 3001; x_wconf 87' lang='lat' dir='ltr'>solus</span> 
     </span>
     <span class='ocr_line' id='line_1_28' title="bbox 188 3034 1098 3117; baseline 0.001 -21"><span class='ocrx_word' id='word_1_174' title='bbox 188 3034 337 3117; x_wconf 92' lang='lat' dir='ltr'>Occupet,</span> <span class='ocrx_word' id='word_1_175' title='bbox 352 3048 440 3116; x_wconf 87' lang='lat' dir='ltr'>atque</span> <span class='ocrx_word' id='word_1_176' title='bbox 455 3034 582 3116; x_wconf 88' lang='lat' dir='ltr'>aliquem</span> <span class='ocrx_word' id='word_1_177' title='bbox 598 3034 680 3095; x_wconf 88' lang='lat' dir='ltr'>vobis</span> <span class='ocrx_word' id='word_1_178' title='bbox 694 3054 813 3116; x_wconf 86' lang='lat' dir='ltr'>quoque</span> <span class='ocrx_word' id='word_1_179' title='bbox 828 3034 931 3095; x_wconf 86' lang='lat' dir='ltr'>reddat</span> <span class='ocrx_word' id='word_1_180' title='bbox 944 3035 1098 3110; x_wconf 84' lang='lat' dir='ltr'>bonorem.</span> 
     </span>
     <span class='ocr_line' id='line_1_29' title="bbox 188 3130 953 3212; baseline -0.003 -19"><span class='ocrx_word' id='word_1_181' title='bbox 188 3130 312 3212; x_wconf 86' lang='lat' dir='ltr'>Repulit</span> <span class='ocrx_word' id='word_1_182' title='bbox 328 3130 493 3205; x_wconf 82' lang='lat' dir='ltr'>Actorides,</span> <span class='ocrx_word' id='word_1_183' title='bbox 508 3130 563 3191; x_wconf 93' lang='lat' dir='ltr'>sub</span> <span class='ocrx_word' id='word_1_184' title='bbox 578 3130 704 3209; x_wconf 88' lang='lat' dir='ltr'>imagine</span> <span class='ocrx_word' id='word_1_185' title='bbox 719 3141 799 3191; x_wconf 87' lang='lat' dir='ltr'>tutus</span> <span class='ocrx_word' id='word_1_186' title='bbox 814 3130 953 3206; x_wconf 87' lang='lat' dir='ltr'>Achillis,</span> 
     </span>
    </p>

    <p class='ocr_par' dir='ltr' id='par_1_16' title="bbox 189 3225 838 3289">
     <span class='ocr_line' id='line_1_30' title="bbox 189 3225 838 3289; baseline -0.003 0"><span class='ocrx_word' id='word_1_187' title='bbox 189 3228 285 3289; x_wconf 56' lang='lat' dir='ltr'>Trssas</span> <span class='ocrx_word' id='word_1_188' title='bbox 300 3228 336 3289; x_wconf 94' lang='lat' dir='ltr'>ab</span> <span class='ocrx_word' id='word_1_189' title='bbox 351 3227 456 3289; x_wconf 89' lang='lat' dir='ltr'>arsuris</span> <span class='ocrx_word' id='word_1_190' title='bbox 470 3248 539 3289; x_wconf 91' lang='lat' dir='ltr'>cum</span> <span class='ocrx_word' id='word_1_191' title='bbox 554 3225 709 3288; x_wconf 89' lang='lat' dir='ltr'>defensore</span> <span class='ocrx_word' id='word_1_192' title='bbox 723 3226 838 3287; x_wconf 86' lang='lat' dir='ltr'>carinis.</span> 
     </span>
    </p>

    <p class='ocr_par' dir='ltr' id='par_1_17' title="bbox 188 3320 1162 3503">
     <span class='ocr_line' id='line_1_31' title="bbox 190 3320 1162 3387; baseline 0.002 -2"><span class='ocrx_word' id='word_1_193' title='bbox 190 3326 308 3385; x_wconf 88' lang='lat' dir='ltr'>Ausum</span> <span class='ocrx_word' id='word_1_194' title='bbox 322 3324 411 3386; x_wconf 88' lang='lat' dir='ltr'>etiarn</span> <span class='ocrx_word' id='word_1_195' title='bbox 426 3322 577 3385; x_wconf 86' lang='lat' dir='ltr'>Hectoreo</span> <span class='ocrx_word' id='word_1_196' title='bbox 593 3322 688 3385; x_wconf 90' lang='lat' dir='ltr'>solum</span> <span class='ocrx_word' id='word_1_197' title='bbox 702 3342 875 3384; x_wconf 84' lang='lat' dir='ltr'>concurrere</span> <span class='ocrx_word' id='word_1_198' title='bbox 890 3320 981 3385; x_wconf 87' lang='lat' dir='ltr'>Marti</span> <span class='ocrx_word' id='word_1_199' title='bbox 1100 3326 1162 3387; x_wconf 76' lang='lat'>275</span> 
     </span>
     <span class='ocr_line' id='line_1_32' title="bbox 188 3417 966 3503; baseline -0.004 -20"><span class='ocrx_word' id='word_1_200' title='bbox 188 3420 229 3483; x_wconf 90' lang='lat' dir='ltr'>Se</span> <span class='ocrx_word' id='word_1_201' title='bbox 245 3434 338 3503; x_wconf 90' lang='lat' dir='ltr'>putat,</span> <span class='ocrx_word' id='word_1_202' title='bbox 353 3420 460 3483; x_wconf 89' lang='lat' dir='ltr'>oblitus</span> <span class='ocrx_word' id='word_1_203' title='bbox 474 3421 619 3502; x_wconf 85' lang='lat' dir='ltr'>regisque,</span> <span class='ocrx_word' id='word_1_204' title='bbox 635 3419 814 3500; x_wconf 87' lang='lat' dir='ltr'>ducumque,</span> <span class='ocrx_word' id='word_1_205' title='bbox 829 3417 966 3500; x_wconf 89' lang='lat' dir='ltr'>meique;</span> 
     </span>
    </p>

    <p class='ocr_par' dir='ltr' id='par_1_18' title="bbox 189 3513 905 3599">
     <span class='ocr_line' id='line_1_33' title="bbox 189 3513 905 3599; baseline -0.007 -18"><span class='ocrx_word' id='word_1_206' title='bbox 189 3515 297 3581; x_wconf 86' lang='lat' dir='ltr'>Nonus</span> <span class='ocrx_word' id='word_1_207' title='bbox 309 3517 336 3579; x_wconf 90' lang='lat' dir='ltr'>in</span> <span class='ocrx_word' id='word_1_208' title='bbox 358 3518 465 3593; x_wconf 91' lang='lat' dir='ltr'>officio,</span> <span class='ocrx_word' id='word_1_209' title='bbox 481 3530 511 3578; x_wconf 90' lang='lat' dir='ltr'>et</span> <span class='ocrx_word' id='word_1_210' title='bbox 526 3515 660 3599; x_wconf 75' lang='lat' dir='ltr'>prelatus</span> <span class='ocrx_word' id='word_1_211' title='bbox 674 3534 796 3576; x_wconf 87' lang='lat' dir='ltr'>munere</span> <span class='ocrx_word' id='word_1_212' title='bbox 811 3513 905 3576; x_wconf 83' lang='lat' dir='ltr'>sortis.</span> 
     </span>
    </p>
   </div>
   <div class='ocr_carea' id='block_1_3' title="bbox 0 0 1328 4259">
    <p class='ocr_par' dir='ltr' id='par_1_19' title="bbox 0 0 1328 4259">
     <span class='ocr_line' id='line_1_34' title="bbox 0 0 1328 4259; baseline 0 0"><span class='ocrx_word' id='word_1_213' title='bbox 0 0 1328 4259; x_wconf 95' lang='lat' dir='ltr'> </span> 
     </span>
    </p>
   </div>
  </div>
 </body>
</html>
