2634 4259
185 376 222 439 4.
499 384 846 437 unrnuouruoseou

187 532 258 597 Sive
273 554 377 609 recens
391 533 488 613 tellus,
502 519 683 620 seductaque
697 557 793 619 nuper
806 534 845 598 ab
859 535 918 598 atto

186 630 324 709 AEthere,
337 632 455 714 cognati
469 633 614 695 retinebat
628 633 741 695 semine
754 632 835 697 eoeli.
856 714 863 723 .

187 728 290 803 Quam
304 742 384 796 satus
398 719 513 815 lipeto,
528 732 653 794 mixtam
665 731 832 818 fluuialibus
846 730 943 809 undis,

186 824 291 889 Finxit
305 828 335 890 in
349 815 479 915 effigiem
494 827 700 892 moderantium
712 841 822 891 cuncta
836 829 970 891 deomm.

185 922 344 1009 Pronaque
359 925 429 987 crim
443 928 578 1008 spectent
589 922 728 989 'animalia
741 938 986 1005 retentorum

132 1057 137 1065 ·
185 1019 231 1083 Os
243 1021 358 1083 homini
372 1022 497 1085 sublime
512 1022 610 1086 dedit:
633 1023 802 1109 coelumque
817 1023 893 1086 tueri

128 1196 133 1204 Ι
184 1114 289 1197 Jussit,
303 1132 334 1181 et
348 1132 463 1183 erectos
477 1119 516 1183 ad
528 1120 740 1184 sidem-tollere
756 1122 866 1184 vultus

132 1296 137 1303 Ι
166 1300 169 1307 Ι
181 1214 247 1293 Sic,
262 1215 353 1287 modb
369 1237 434 1299 quae
448 1216 543 1279 linerat
557 1218 636 1279 rudis
651 1231 683 1280 et
696 1218 759 1281 sine
773 1218 912 1301 imeg'ipe,
925 1217 1013 1281 tellus
1090 1255 1093 1266 ι

185 1310 284 1378 Induit
297 1312 411 1396 ignotus
424 1300 578 1377 bominum
591 1334 738 1378 converse
748 1316 865 1399 figures.
947 1340 952 1346 ·
1042 1316 1062 1389 '-
1134 1369 1138 1374 .
1167 1307 1170 1311 '

446 1552 601 1615 ρωποι
620 1553 727 1596 uuum
749 1555 891 1598 urruns.
923 1537 929 1547 '
1004 1573 1007 1579 ·

616 1734 648 1777 v.
668 1716 721 1777 89.
778 1753 780 1756 -
842 1724 855 1807 J

183 1885 286 1961 Aurea
300 1886 394 1971 primu
407 1899 472 1954 sete
485 1898 531 1950 est
546 1900 625 1965 etus,
640 1908 715 1971 que,
730 1886 846 1955 vindice
859 1887 956 1966 nullo,

120 1990 122 1994 ’
183 1982 298 2068 Sponte
312 1984 377 2064 sui,
391 1984 454 2048 sine
468 1986 547 2068 lege,
562 1984 651 2049 fidem
666 1973 842 2070 rectumque
856 1985 984 2048 colebat.

183 2079 281 2145 Poena
293 2094 447 2166 metusque
462 2084 601 2145 aberent:
623 2100 681 2144 nec
694 2082 785 2144 verbe
797 2081 923 2144 minucie
935 2082 997 2145 lixo
1106 2086 1109 2092 '

159 2169 162 2175 ’
183 2178 257 2240 AEre
271 2179 460 2260 legebantur:
483 2196 541 2241 nec
555 2178 686 2261 suppleu¹
695 2171 785 2240 'turbe
799 2178 943 2240 timebant
1066 2166 1070 2168 i

182 2273 298 2338 Judicis
311 2295 363 2337 ora
378 2274 440 2337 sui:
463 2274 517 2337 sed
532 2287 616 2337 erant
629 2274 693 2336 sine
703 2273 805 2359 judice
819 2274 885 2336 tuti.

182 2372 325 2435 Nondum
340 2393 415 2435 cese
429 2372 500 2450 suis,
510 2371 697 2457 peregrinum
707 2385 740 2434 ut
752 2371 858 2435 viseret
871 2372 984 2451 orbem,
1070 2434 1075 2440 ,

182 2468 348 2548 MontibuS,
361 2469 392 2532 in
404 2468 529 2554 liquidas
542 2470 629 2555 pinus
644 2469 836 2533 descenderat
850 2470 962 2533 undas:
1065 2547 1069 2554 ¹

182 2565 332 2651 Nullaque
347 2556 495 2645 mortales,
509 2579 615 2651 preter
627 2588 691 2644 sue,
705 2566 803 2629 littora
815 2566 931 2629 nbrant.

183 2663 325 2728 Nondum
340 2664 505 2748 precipites
519 2664 678 2746 cingebant
690 2662 801 2747 oppida
815 2662 915 2727 fosse:
961 2702 966 2710 ·

182 2761 253 2824 Nou
267 2762 339 2824 tuba
353 2760 466 2839 directi,
481 2782 540 2823 non
555 2761 617 2823 aeris
630 2780 742 2824 cornua
755 2761 838 2839 flexi,
856 2832 860 2837 ,
971 2804 975 2810 »

182 2857 253 2921 Non
267 2858 369 2941 galee,
383 2858 545 2936 non'ensis,
559 2870 654 2937 erent.
699 2856 770 2937 Sine
784 2857 884 2922 militis
893 2878 955 2920 usu
1043 2912 1049 2941 ,

100 2968 102 2973 '
182 2954 288 3019 Mollia
301 2978 412 3019 secure
427 2956 606 3040 peragebant
620 2954 680 3018 otia
695 2947 821 3035 mentes.
847 3002 850 3007 .
881 2961 883 2965 ’
1093 2958 1154 3020 100
1187 3004 1193 3014 .

79 3136 83 3141 ¹
182 3053 252 3138 lpse
267 3075 385 3137 quoque
400 3040 547 3131 immunis,
562 3066 713 3137 rastroque
728 3051 847 3129 intecta,
862 3073 918 3115 nec
931 3044 998 3115 ullis
1125 3094 1131 3103 ·

183 3152 291 3215 Saucia
305 3151 483 3231 vomeribus,
498 3172 599 3234 perse
614 3151 703 3213 debet
716 3151 815 3213 omnia
828 3151 932 3213 tellus:
977 3183 981 3188 -
1063 3143 1069 3166 ³

183 3248 384 3332 Contentique
399 3248 482 3324 cibis,
497 3244 579 3309 nullo
593 3259 731 3329 cogente,
746 3246 862 3332 creatis,
919 3267 924 3273 ·

183 3346 333 3408 Arbuteos
348 3343 448 3422 foetus,
462 3356 659 3428 montanaque
675 3341 756 3425 liuga
768 3342 917 3425 legebant,
1115 3407 1121 3416 ,

182 3443 354 3526 Cornaque,
369 3453 400 3509 et
415 3434 445 3503 in
459 3440 539 3503 duris
554 3440 695 3503 herentia
709 3460 791 3529 mora
804 3439 934 3516 rubetis3
1093 3444 1155 3506 105

185 3541 224 3603 lit
240 3561 304 3623 quae
319 3538 488 3611 deciderent
502 3534 702 3622 petulddovis
718 3538 821 3601 arbore
835 3537 967 3621 glandes.
