2634 4259
579 400 684 449 LlBER
706 400 753 449 lll.

171 544 276 609 Causa
289 545 342 609 suit
356 548 415 637 luet
421 548 465 623 irs,
482 546 634 631 alienaque
648 570 758 610 cornua
772 547 868 611 lionti·

170 643 297 721 Addita,
312 666 424 728 vosque
439 666 534 706 canes
544 647 652 709 satiatae
667 647 808 727 sanguine
823 645 917 708 herili.

170 742 214 803 At
229 742 309 803 bene
324 742 348 803 si
364 761 496 826 quaeras;
518 740 657 803 Fortuna
672 744 782 805 crimen
797 743 827 805 in
842 742 902 819 illo,

170 836 242 899 Non
258 839 355 899 scelus
370 840 398 899 in
404 839 513 903 venies
559 838 651 912 Quod
667 840 747 901 enim
760 841 857 901 scelus
872 860 952 903 error
964 840 1116 903 habebat?

170 960 188 985 -’
212 933 280 997 Dat
295 956 395 1017 sparso
409 936 499 1017 capiti
515 936 625 998 vivacis
637 957 747 998 comua
761 937 859 1000 cervi:
1087 941 1148 1001 120

170 1029 234 1092 Dat
250 1032 377 1113 spatium
392 1032 487 1093 collo:
510 1045 697 1115 summasque
712 1033 877 1095 cacuminat
891 1055 992 1097 aures:

170 1124 255 1189 Cum
272 1128 457 1211 pedibusque
471 1150 585 1205 manus,
600 1130 778 1210 cumlongis
791 1130 910 1193 brachia
927 1144 1021 1194 mutat

169 1222 335 1286 Cruribus:
359 1238 389 1286 et
404 1224 483 1286 velat
497 1226 646 1287 maculoso
662 1226 770 1290 vellere
784 1247 902 1310 corpus.

87 1320 93 1331 “
124 1326 140 1385 .’
170 1320 302 1383 Additus
317 1322 348 1385 et
363 1342 455 1405 pavor
470 1334 524 1382 est.
569 1306 662 1404 Fugit
675 1316 844 1385 Autoneius
859 1325 963 1387 beros:

171 1415 214 1479 Et
228 1440 262 1479 se
277 1431 339 1480 tam
354 1417 482 1481 celerem
496 1439 582 1495 cursu
598 1419 718 1484 miratur
731 1420 760 1482 in
776 1422 851 1503 ipso.
876 1492 880 1497 ,
1089 1424 1148 1484 125

122 1570 127 1581 .
170 1512 216 1577 Ut
231 1516 304 1578 verb
318 1515 407 1577 solitis
423 1506 599 1578 suaco'mua
613 1516 687 1579 vidit
701 1517 731 1578 in
745 1518 841 1595 undis,
981 1510 987 1517 ’

172 1610 247 1677 ‘Me
264 1613 402 1689 miserum
413 1612 432 1673 Ρ
454 1612 583 1674 dicturus
592 1626 678 1676 erat:
701 1636 761 1676 vox
775 1615 856 1676 nulla
869 1629 971 1697 secuta
984 1629 1044 1690 est.¹

172 1706 341 1792 ingemuit3
364 1732 423 1772 vox
438 1709 487 1771 illa
502 1709 571 1772 suit:
594 1712 792 1796 lacrymaeque
806 1734 925 1795 perora

175 1796 312 1869 Non‘sua
326 1806 488 1875 fluxemnt.
533 1806 622 1869 Mens
636 1809 750 1869 tautirm
765 1810 885 1891 pristina
898 1810 1015 1872 mansit.

216 1902 302 1977 Quid
316 1903 422 1989 saciati
444 1916 596 1985 repetatne
613 1904 744 1980 domum,
755 1904 864 1985 regalia
877 1908 976 1967 tecta?
1087 1908 1149 1969 130

173 2001 224 2061 An
239 2002 330 2063 lateat
343 2000 445 2062 silvis?
460 2001 555 2083 'timor
568 1998 636 2076 hoc,
652 2000 748 2083 pudor
761 2000 883 2082 impedit
898 2001 980 2063 illud.

157 2152 160 2159 a
173 2097 259 2159 Dum
273 2094 396 2173 dubitat,
411 2096 512 2158 viddre
527 2116 632 2160 canes:
656 2096 825 2180 primusque
839 2096 1020 2181 Melampus,
1126 2106 1130 2111 “

173 2192 409 2277 Ichnobatesque
424 2214 516 2275 sagax
530 2193 633 2255 latratu
649 2193 732 2275 signa
745 2182 865 2277 dedere.

174 2289 249 2353 lnde
263 2304 351 2353 ruunt
365 2291 412 2353 alii
426 2285 530 2376 rapidi
545 2290 674 2353 velocius
683 2290 769 2368 autb,

174 2386 321 2470 Quosque
332 2386 440 2455 referre
454 2408 536 2448 mora
551 2401 606 2447 est.
650 2386 700 2448 Ea
712 2388 950 2469 turbacupidine
965 2385 1093 2473 pradae'„
1116 2467 1120 2476 Ι
1142 2456 1148 2464 ,

144 2560 147 2565 Ι
174 2484 236 2546 Per
250 2506 348 2567 rupes,
364 2484 570 2566 scopulosque,
587 2483 727 2567 adituque
741 2484 870 2545 carentia
884 2503 966 2561 saxa,
1059 2516 1061 2519 ⁴
1087 2483 1152 2551 136.

174 2578 249 2653 Qua
263 2580 311 2641 via
325 2580 459 2657 difficilis,
475 2579 592 2663 quiaque
608 2592 652 2641 est
666 2578 715 2641 via
728 2580 819 2656 nulla,
834 2580 975 2643 seruntur.

173 2675 228 2739 Ille
244 2676 327 2759 sugit,
342 2698 398 2759 per
409 2684 473 2760 qua
488 2676 582 2739 suerat
596 2678 662 2739 loca
675 2697 753 2759 saepe
768 2692 898 2740 secutus.

174 2772 253 2835 Heu'
261 2772 384 2835 famulos
399 2772 473 2855 ragit
487 2774 550 2855 ipse
564 2773 654 2838 suos!
677 2774 805 2835 clamare
820 2774 940 2850 libebat,
1016 2804 1018 2808 ·

174 2870 319 2931 ‘Actaeon
335 2892 390 2952 ego
404 2892 487 2932 sum:
511 2869 661 2931 dominum
676 2872 844 2951 cognoscite
859 2869 1012 2932 vestrum!
1087 2873 1148 2934 140
1203 2890 1206 2894 ·

152 2982 154 2985 ’
175 2965 277 3028 Verba
292 2967 388 3028 animo
404 2967 526 3028 desunt:
550 2980 667 3029 resonat
681 2964 831 3028 latratibus
846 2967 946 3028 aether.

174 3062 276 3125 Prima
290 3061 503 3147 Melanchaetes
518 3062 550 3124 in'
563 3075 645 3143 tergo
660 3063 783 3123 vulnera
796 3061 885 3125 fecit:
1025 3136 1032 3141 ⁸

174 3159 316 3221 Proxima
329 3158 543 3235 Theridamas3
565 3158 773 3241 Oresitrophos
788 3159 871 3221 haesit
886 3159 916 3221 in
930 3180 1023 3223 amre.

172 3256 301 3318 Tardibs
315 3257 457 3333 exierant,
472 3246 524 3319 se'd
540 3277 593 3339 per
606 3256 903 3338 compendiamontis
1192 3328 1199 3341 .

174 3353 343 3435 Anticipata
355 3355 402 3415 via
416 3368 471 3415 est.
516 3352 681 3415 Dominum
695 3352 887 3415 retinentibus
901 3353 957 3415 illis
1088 3358 1148 3417 145

173 3448 292 3512 Cetera
305 3452 388 3512 turba
402 3452 472 3526 coit,
486 3448 658 3533 confertque
673 3450 701 3512 in
716 3470 839 3531 corpore
862 3450 975 3512 dentes.
1036 3428 1049 3451 ’

172 3544 243 3609 Jam
257 3545 322 3609 loca
338 3546 502 3609 vulneribus
518 3546 635 3608 desunt.
680 3544 784 3609 Gemit
798 3545 858 3623 ille,
873 3565 1049 3631 sonumque,
