2634 4259
191 384 254 448 154
575 393 760 449 nasorum

187 528 290 630 Atque
305 541 407 630 aliquis
421 544 520 630 positi
531 560 673 609 monstrat
686 543 747 609 sera
762 543 863 628 praelia
874 544 999 622 mensi;
1081 553 1086 557 ”
1122 548 1169 609 25

231 641 332 724 Pingit
345 656 376 705 et
391 644 500 725 exiguo
514 641 663 724 Pergama
676 655 738 704 tota
751 657 844 704 mero

73 776 80 789 ·
188 746 198 777 ‘
206 738 276 801 Hic
289 740 349 801 ibat
364 738 483 816 Simois,
497 739 548 801 hic
561 753 607 801 est
621 739 722 821 Sigeia
735 739 843 815 tellus3

230 834 291 898 Hic
306 849 427 898 steterat
440 835 551 897 Priami
563 835 645 917 regia
657 836 839 897 celsa'scnis.

187 927 254 993 Illic
268 930 419 1009 AEracides,
433 932 493 994 illic
506 931 648 994 tendebat
662 929 806 1013 Ulysses:

231 1026 293 1090 Hic
306 1028 386 1091 lacer
399 1029 541 1091 admissos
555 1028 659 1093 tenuit
673 1026 790 1090 Hector
802 1026 919 1111 equos?

188 1122 301 1186 Omnia
313 1146 442 1209 namque
456 1140 509 1187 tuo
523 1125 630 1201 senior,
644 1138 676 1186 te
691 1132 821 1207 querere
834 1124 934 1201 misso,

231 1218 388 1284 Retulerat
402 1235 472 1283 nato
486 1220 613 1283 Nestor:
636 1233 666 1283 at
679 1221 729 1282 iiic
742 1221 826 1283 mihi.
946 1288 950 1291 ,
1168 1305 1173 1309 .

188 1310 308 1379 Retulit
321 1331 352 1380 et
366 1316 442 1380 ferro
456 1316 657 1401 Rhesumque¹
668 1305 847 1401 Dolonaque
860 1338 963 1394 cesos,
1056 1348 1061 1352 ·
1309 1323 1310 1334 ¹

231 1412 335 1500 thue
349 1416 387 1478 sit
400 1416 449 1479 hio
462 1436 566 1478 somno
581 1416 724 1499 proditus,
737 1406 792 1477 ille
802 1415 881 1479 doio.

188 1510 290 1575 Ausus
304 1532 348 1589 es,
362 1532 381 1573 o
395 1512 517 1575 nimium
529 1512 713 1595 uirniirmque
727 1510 817 1597 oblite
831 1525 959 1589 tuorum,

230 1606 361 1672 Thracia
373 1613 517 1670 nocturno
531 1621 652 1689 tangere
661 1621 763 1670 castra
775 1608 866 1685 dolo;
904 1669 908 1673 Α
994 1686 999 1689 ⁴

188 1698 310 1787 Totque
324 1703 411 1765 simul
424 1716 554 1765 mactare
569 1703 657 1781 viros,
672 1702 789 1788 adjutus
803 1696 841 1766 ab
855 1726 926 1771 uno.

233 1796 277 1862 At
289 1800 367 1861 bene
380 1810 484 1862 cautus
497 1802 573 1876 eras',
588 1812 619 1861 et
632 1821 748 1863 memor
761 1801 830 1862 ante
845 1787 915 1863 mei.
950 1828 957 1834 ’
1011 1832 1015 1839 ·

66 1890 72 1901 ’
189 1890 294 1980 Usque
309 1909 390 1977 metu
405 1896 536 1959 auertere
550 1896 648 1973 sinus;
671 1897 742 1959 dum
756 1897 850 1959 victor
863 1897 992 1959 amioum
1127 1912 1131 1920 “

233 1992 341 2054 Dictus
355 2010 388 2054 es
402 1989 532 2055 Ismariis
543 1992 601 2067 isse
617 1994 900 2078 peragmeu-equis.
1079 1996 1085 2005 '

189 2085 338 2167 Sedflmihi
353 2086 424 2171 quid
437 2088 557 2170 prodest
570 2088 674 2150 vestris
688 2087 811 2171 disjecta
824 2089 939 2151 lacertis

231 2182 323 2245 Ilios?
344 2195 385 2259 et,
399 2202 499 2243 murus
514 2182 594 2264 quod
607 2180 660 2243 fuit
675 2184 755 2261 antia,
769 2185 886 2246 solum?

190 2278 224 2343 Si
237 2299 354 2355 maneo,
370 2278 462 2362 qualis
477 2276 570 2362 Troji
584 2278 708 2341 durante
721 2280 898 2357 manebam
1145 2326 1155 2356 r

143 2450 144 2455 γ
234 2375 347 2460 quue
361 2367 581 2468 mihisdempto
594 2374 652 2437 fine
667 2365 823 2471 carendus}
837 2378 929 2440 abesi
953 2412 957 2424 ι
990 2409 1005 2424 ·»
1076 2367 1082 2386 ’
1125 2372 1142 2438 :³
1209 2395 1213 2402 ·

189 2472 298 2535 Diruta
311 2486 379 2535 sunt
392 2472 465 2550 aliis,
479 2472 530 2535 uni
545 2472 617 2535 mihi
632 2470 780 2555 Pergama
793 2478 921 2551 restant3
1071 2484 1075 2489 '
1115 2474 1120 2485 '
1292 2466 1300 2475 ’

232 2568 334 2631 Incola
347 2569 467 2653 captivo
481 2590 545 2651 quae
559 2568 638 2631 bove
655 2570 747 2632 victor
759 2584 832 2633 arat.

189 2664 258 2727 Jam
272 2686 357 2747 seges
372 2679 417 2727 est
431 2664 482 2726 ubi
495 2664 588 2749 Troja
602 2664 666 2742 firit,
680 2667 898 2750 resecandaque
913 2666 987 2730 faico

232 2760 379 2823 Luxuriat
392 2760 525 2844 Phrygio
538 2756 680 2842 sanguine
692 2763 810 2845 piqguis
825 2763 944 2825 humus.

189 2856 390 2944 Semisepulta
404 2856 499 2922 vistim
511 2857 610 2920 curvis
624 2856 766 2921 serirmtur
779 2860 879 2921 aratris

232 2953 329 3017 Ossa:
352 2954 482 3021 ruinosas
497 2955 607 3017 occulit
619 2956 851 3019 herba'domos.'

190 3048 296 3113 Victor
310 3052 399 3137 abes3
413 3046 476 3113 'nee
491 3053 563 3115 scire
578 3052 661 3130 mihi,
678 3074 741 3135 quae
755 3074 845 3116 causa
857 3052 1000 3130 morandi,
1073 3061 1075 3064 ’

232 3148 296 3210 Aut
310 3148 340 3210 in
355 3169 413 3232 quo
427 3149 519 3211 lateas
534 3144 644 3211 ferreus
658 3150 740 3226 orbe,
754 3149 834 3211 licet.
1028 3142 1035 3230 J

107 3280 109 3288 ι
189 3242 333 3329 Quisquis
348 3244 386 3307 ad
400 3245 463 3307 haec
478 3245 565 3307 vertit
579 3246 765 3328 peregrinam
779 3246 874 3308 littora
889 3249 1026 3331 puppim,

231 3340 286 3403 Ille
301 3340 373 3403 mihi
388 3341 425 3403 de
441 3354 470 3403 te
484 3342 577 3405 multa
590 3354 707 3423 rogatus
722 3341 792 3403 abit.
896 3337 898 3342 ’

171 3478 174 3483 -
189 3436 351 3521 Quamque
366 3438 418 3501 tibi
432 3438 547 3516 reddat,
562 3440 586 3501 si
600 3453 630 3501 te
645 3439 735 3501 modd
749 3432 1004 3525 viderit'usquam,

231 3532 371 3597 Traditur
385 3535 453 3597 huic
468 3534 564 3619 digitis
578 3536 681 3599 charta
694 3548 795 3599 notata
808 3536 893 3599 meis.
