2634 4259
480 662 873 769 aanornns·

590 896 778 913 uun—an·—

542 1022 762 1111 s'msnona
784 1048 811 1111 1.

514 1236 683 1289 PENELQPR
712 1238 835 1281 ULYSSI·

187 1393 284 1458 Hauc
300 1408 351 1458 tua
364 1392 519 1481 Penelope
534 1398 616 1467 lento¹
629 1397 682 1459 tibi
696 1399 795 1475 mittit,
810 1397 944 1483 Ulysse

229 1489 283 1555 Nil
297 1494 368 1555 mihi
381 1494 522 1555 rescribas
537 1507 569 1555 ut
583 1507 694 1570 tamen,
709 1494 773 1578 ipse
788 1496 867 1573 veni.

185 1588 281 1674 Troja
291 1589 372 1673 jacet
386 1591 479 1667 certe,
494 1590 608 1653 Danais
624 1590 719 1652 invisa
730 1593 847 1674 puellis.

232 1682 295 1747 Vix
309 1684 445 1749 Priamus
459 1688 543 1763 tanti,
558 1701 679 1770 totaque
693 1686 796 1772 Troja,
809 1688 876 1753 fuit.

186 1780 320 1855 Quando
334 1803 390 1863 ego
402 1805 463 1847 non
478 1782 561 1845 timui
576 1784 708 1865 graviora
722 1785 853 1867 pericula
867 1784 965 1847 veris?
1139 1786 1176 1849 5·

230 1876 296 1940 Res
310 1892 355 1941 est
369 1879 586 1962 sollicitiplena
601 1880 712 1943 timoris
727 1900 819 1944 amor.

187 1972 222 2035 ln
234 1988 267 2037 te
277 1974 427 2057 'fingebam
443 1975 586 2037 violentos
602 1974 698 2037 Troas
712 1976 820 2038 ituros:

186 2082 188 2087 '
230 2068 360 2135 Nomine
375 2072 404 2137 in
420 2070 571 2135 Hem'meo
585 2072 695 2155 pallida
707 2094 826 2156 semper
839 2094 931 2140 eram·
1044 2126 1063 2154 „
1124 2117 1128 2121 -

186 2168 257 2231 Sive
268 2170 337 2252 *quis
351 2169 546 2232 Antilochum
559 2169 695 2231 narrabat
708 2170 747 2232 ab
761 2168 894 2236 Hectore
909 2170 1039 2247 viomm3

147 2294 150 2299 ·
228 2265 511 2329 ‘Antilochusanostri
525 2286 614 2328 causa
629 2266 739 2330 timoris
754 2280 834 2329 erat:
1120 2270 1161 2331 10

185 2360 257 2424 Sive
272 2354 476 2423 Menoetiaden
491 2361 569 2423 falsis
583 2362 793 2425 cecidissesub
806 2363 912 2439 armis3

228 2458 354 2523 Flebam
370 2479 507 2521 successu
523 2479 609 2541 posse
624 2478 725 2519 carere
740 2458 834 2521 dolos.

185 2556 334 2637 Sanguine
349 2555 543 2639 Tlepolemus
559 2554 685 2638 Lyciam
700 2554 881 2639 tepefecerat
894 2556 1009 2621 hastam
1021 2578 1030 2634 3

228 2650 398 2735 Tlepolemi
412 2652 471 2715 leto
485 2672 556 2713 eura
570 2667 678 2715 novata
691 2673 759 2714 mea
772 2666 828 2716 eet.
909 2712 913 2717 .

186 2747 336 2832 Denique,
352 2750 480 2833 quisquis
495 2763 557 2813 erat
571 2750 672 2813 castris
682 2750 834 2834 jugulatus
849 2750 983 2829 Achivis,
1118 2752 1158 2813 15

228 2846 375 2928 Frigidius
390 2847 483 2928 glacie
499 2834 603 2930 pectu's
618 2847 743 2909 amantis
757 2861 830 2909 erat.

186 2943 248 3005 Sed
261 2944 337 3005 bene
352 2944 497 3006 consuluit
511 2957 593 3005 casto
608 2943 681 3005 deus
697 2963 797 3027 equus
811 2943 913 3021 amori.

229 3039 324 3103 Versa
338 3054 383 3102 est
397 3040 426 3102 in
441 3040 570 3101 cinerem
586 3038 696 3122 sospite
710 3037 804 3122 Troja
818 3038 890 3099 viro.

188 3137 317 3219 Argolici
330 3136 443 3199 rediere
460 3137 570 3199 duces:
593 3135 695 3207 altaria
709 3134 838 3197 sumant:
970 3130 977 3141 '
1059 3198 1065 3207 ,

226 3233 351 3296 Ponitur
359 3234 402 3295 -ad
418 3234 526 3317 patrios
540 3233 663 3295 barbara
678 3232 776 3316 prada
789 3233 873 3294 deos.
1115 3232 1159 3294 20

185 3330 278 3392 Grata
292 3329 387 3392 serunt
403 3328 552 3413 Nymphae
567 3351 621 3413 pro
636 3330 724 3393 salvis
738 3330 816 3393 dona
828 3327 955 3391 maritis:

226 3426 273 3489 Illi
288 3426 365 3488 victa
379 3426 438 3487 suis
452 3425 545 3487 Troia
559 3426 618 3489 sata
631 3440 753 3488 canunt.

187 3523 331 3585 Mirantur
340 3521 469 3605 justique
483 3543 579 3599 senes,
594 3522 776 3605 trepidaeque
791 3521 914 3604 puellae:

226 3618 378 3682 Narrantis
392 3616 502 3703 conjux
515 3619 628 3701 pendet
641 3619 679 3681 ab
692 3639 743 3681 ore
758 3618 822 3681 viri.
