2634 4259
548 312 656 379 crana
680 312 751 364 xrv.
1074 307 1135 370 137
1224 357 1228 365 ,

165 456 232 521 Neo
246 458 339 521 soceri
354 473 514 543 sceptrum,
529 481 585 523 nec
600 474 641 537 te,
656 460 780 523 Lavinia
795 460 885 541 virgo,

166 554 227 617 Sed
241 556 346 617 vicisse
361 569 483 639 petunt:
506 557 732 640 deponendique
747 557 860 640 pudore
888 598 892 603 -
1094 556 1138 617 60

165 650 252 712 Bella
265 665 381 732 gerunt.
427 651 623 735 Tandemque
640 651 744 714 Venus
759 652 888 713 victricia
901 652 961 713 uati
1029 714 1034 719 ,

165 748 259 809 Arma
274 748 370 809 videt:
393 746 572 832 Turnusque
587 748 684 824 cadit;
705 748 784 809 cadit
798 748 910 823 Ardea,
925 746 1030 809 Turno

166 845 295 928 Sospite,
310 846 388 908 dicta
402 836 517 929 potens.
562 846 665 919 Quam
680 859 836 929 postquam
850 838 989 908 barbarus
1003 846 1077 928 ignis

165 943 307 1019 Abstulit,
322 958 353 1005 et
367 943 470 1025 tepida
484 944 631 1007 latuerunt
645 956 725 1005 tecta
740 942 860 1019 savillir3

166 1037 315 1120 (longerie
331 1060 348 1100 e
362 1039 462 1109 mediis
476 1054 538 1102 tum
554 1040 680 1123 primum
694 1040 811 1119 cognita
825 1060 939 1123 praepes
1095 1039 1138 1102 65

167 1134 320 1213 subvolat,
335 1149 366 1198 et
379 1135 493 1197 cineres
508 1136 616 1221 plausis
632 1136 784 1198 everberat
798 1136 860 1198 alis.

167 1228 210 1292 Et
224 1252 329 1309 sonus,
338 1245 369 1294 et
383 1226 502 1309 macies,
518 1245 547 1294 et
561 1233 672 1315 pallor,
680 1246 711 1294 et
726 1233 835 1311 omnia,
850 1239 974 1316 captam

167 1324 246 1397 Quas
262 1328 387 1389 deceant
400 1329 514 1409 urbem,
529 1350 637 1397 nomen
653 1351 771 1413 quoque
785 1328 891 1391 mansit
905 1328 935 1390 in
950 1327 1002 1391 illa

166 1420 274 1485 Urbis:
298 1437 328 1485 et
343 1424 407 1507 ipsa
420 1426 479 1486 suis
494 1425 679 1507 deplangitur
694 1425 796 1486 Ardea
809 1425 923 1508 pennis.

209 1508 337 1603 Jamque
353 1520 423 1582 deos
439 1541 551 1596 omnes,
566 1520 720 1603 ipsamque
735 1520 847 1582 AEneia
861 1520 952 1582 virtus
1095 1521 1139 1581 70

167 1612 317 1675 Junonem
333 1629 448 1677 veteres
462 1616 544 1677 finire
558 1620 697 1697 coegerat
710 1613 785 1679 iras:
957 1694 961 1698 ‚

168 1709 262 1789 cum,
274 1710 351 1772 bene
367 1710 493 1774 lirndatis
508 1712 613 1795 opibus
627 1714 786 1776 crescentis
801 1711 868 1791 liili,

168 1806 378 1890 Tempestivus
392 1822 454 1869 erat
468 1808 547 1869 coelo
561 1807 744 1890 Cythereius
758 1810 863 1885 heros3

167 1902 381 1985 Ambieratque
397 1902 501 1965 Venus
516 1924 654 1985 superos:
678 1904 813 1987 colloque
829 1904 957 1987 parentis

168 1998 356 2062 Circumfusa
370 2000 425 2076 sui,
441 1998 621 2084 ‘Nunquam
640 1998 735 2074 mihi,'
752 2000 877 2076 dixerat,
894 2000 971 2062 ‘ullo
1099 2002 1142 2063 7⁵

168 2078 319 2179 Tempore
335 2097 407 2158 dure
421 2110 516 2180 pater,
530 2118 609 2159 nunc
624 2097 665 2159 sis
677 2096 845 2159 mitissimus
859 2117 929 2173 oro;

169 2192 331 2276 AEneaeque
347 2214 425 2269 meo,
441 2193 491 2276 qui
507 2207 536 2255 te
551 2193 589 2255 de
603 2192 744 2275 sauguine
758 2207 857 2255 nostro
953 2250 956 2258 .

169 2285 255 2350 Fecit
270 2310 368 2365 avum,
383 2290 520 2371 quamvis,
531 2311 666 2371 parvum,
680 2290 743 2366 des,
757 2290 881 2372 optime,
895 2311 1025 2365 numen3

170 2383 342 2446 Dummodo
357 2385 408 2445 des
423 2385 551 2467 aliquod.
597 2384 674 2446 Satis
688 2399 733 2447 est
748 2378 903 2448 inamabile
917 2406 1042 2466 regnum

170 2480 353 2562 Adspexisse
369 2480 472 2565 semel,
487 2478 606 2563 Stygios
620 2481 714 2541 semel
728 2480 785 2566 isse
801 2502 855 2563 per
868 2481 990 2543 amnes.'
1099 2482 1142 2545 8⁰

170 2561 339 2641 Adsensdre
354 2577 420 2639 dei:
443 2598 499 2639 nec
514 2574 624 2660 conjux
639 2576 719 2658 regia
734 2578 833 2640 vultus

170 2669 311 2735 Immotos
326 2672 429 2748 tenuit,
443 2672 619 2755 placatoque
634 2674 736 2740 annuit
750 2695 812 2736 ore.

169 2766 249 2829 Tum
265 2770 359 2849 pater,
375 2773 384 2803 ‘
393 2763 494 2843 Estis,’
510 2767 560 2843 ait,
576 2773 585 2803 ‘
594 2768 709 2829 coelesti
723 2789 846 2830 munere
861 2768 951 2849 digni,
994 2833 996 2836 ,

98 2886 102 2889 ·
170 2862 307 2946 Quaque
322 2862 409 2945 petis,
425 2884 478 2944 pro
493 2884 610 2947 quoque
625 2864 720 2947 petis:
743 2885 830 2946 cape,
845 2879 923 2941 nata,
939 2864 1019 2948 quod
1034 2867 1141 2949 optas)

212 2958 306 3022 Fatus
321 2973 393 3021 erat.
438 2958 568 3035 Gaudet,
583 2972 740 3042 gratesque
755 2959 813 3040 agit
827 2960 877 3020 illa
891 2962 1021 3043 parenti:
1100 2964 1143 3025 85

170 3055 288 3140 Perque
303 3056 385 3118 leves
399 3076 483 3118 auras
495 3055 604 3139 junctis
619 3055 736 3117 invecta
750 3054 893 3116 columbis

170 3153 267 3215 Littus
281 3154 342 3215 adit
355 3153 507 3229 Laurens;
530 3152 579 3214 ubi
594 3166 690 3214 tectus
705 3151 845 3213 arundine
860 3152 951 3237 serpit

170 3247 205 3312 In
221 3250 294 3313 freta
308 3250 453 3313 flumineis
469 3250 564 3312 vicina
579 3246 734 3312 Numicius
748 3248 845 3311 undis.
1005 3322 1013 3337 .

170 3344 260 3409 Hunc
272 3347 356 3433 jubet
372 3347 486 3424 AEneae‚
502 3367 685 3431 quecunque
700 3346 829 3410 obnoxia
844 3346 940 3423 morti,
998 3384 1003 3393 ·

170 3444 320 3522 Abluere3
342 3458 373 3507 et
386 3445 475 3507 tacito
489 3442 602 3505 deferre
618 3443 672 3505 sub
688 3464 805 3529 aequora
818 3462 916 3505 cursu.
957 3510 960 3515 ,
990 3498 994 3503 ,
1101 3444 1144 3509 90

471 3540 539 3603 12*
