2634 4259
547 381 797 455 nonensem.
880 373 882 379 '

183 536 229 601 At
242 554 299 601 non
314 537 363 599 ille
378 537 450 599 deus
466 558 569 619 pacem
585 538 658 599 intra
674 538 782 600 moenia
796 536 875 600 finit:

226 630 382 696 Auxilium
396 647 459 695 toto
472 634 583 717 spargit.
594 634 623 695 in
637 633 708 695 orbe
723 654 820 695 suurn.

185 729 267 804 Quid
283 744 381 791 tamen
397 731 454 794 hos
468 730 598 813 prodest,
612 729 712 792 medii
725 730 749 791 si
762 730 828 817 luce
842 722 1000 811 petamque

227 826 385 903 Verberon,
400 841 430 889 et
444 839 512 889 tutae
527 842 585 889 non
599 826 671 888 licet
683 846 748 887 esse
762 802 858 887 mihi?

184 921 266 1005 Ergo
279 944 336 985 neo
350 922 433 993 nidos
448 922 522 985 foliis
537 923 656 998 herere,
670 925 726 984 neo
739 922 829 983 ullam

210 1052 211 1057 1
227 1010 352 1081 Sedibus
367 1018 397 1082 in
412 1018 515 1101 nostris
529 1033 605 1081 stare
620 1018 724 1080 videtis
738 1039 834 1080 avem.
888 1016 894 1023 ’

185 1115 229 1177 At
243 1112 327 1196 lapis,
342 1115 372 1175 in
386 1114 467 1177 rimo
481 1115 556 1177 sedit
571 1115 738 1198 quicunque
752 1113 874 1189 bifurco,

229 1209 341 1287 Heres,
356 1225 386 1273 et
399 1219 433 1272 'ut
446 1210 535 1293 captet
549 1212 685 1273 victorin
699 1229 767 1276 arce
779 1203 889 1271 menet.

186 1304 305 1389 Cretera
316 1328 393 1389 sape
409 1320 506 1369 tamen
523 1304 910 1390 potuereadmissa'negari‚

229 1400 271 1463 Et
284 1403 395 1490 orirnen
409 1424 469 1464 nox
484 1416 529 1464 est
543 1397 668 1464 inficiatai
682 1422 779 1463 suurn.

187 1495 296 1559 Nostra
308 1511 390 1559 notat
405 1496 486 1560 susoo
501 1498 604 1579 digitos
618 1496 721 1579 injuria
734 1518 835 1573 succo,

228 1592 348 1657 Cortice
363 1606 510 1657 contactas
525 1592 670 1656 inficiente
684 1610 798 1661 manus.

186 1686 240 1751 lile
251 1712 339 1753 eruor
352 1690 435 1752 meus
450 1704 511 1777 est:
534 1690 584 1752 illo
597 1690 742 1753 maculata
755 1705 859 1751 cruore

225 1776 299 1849 'Non
314 1786 481 1870 profecturi
495 1786 600 1848 dextra
613 1786 727 1848 lavatur
740 1785 841 1867 equit·

187 1882 217 1944 Ο
232 1905 299 1965 ego,
313 1886 382 1946 niun
396 1885 488 1965 longae
504 1896 646 1944 venerunt
660 1882 838 1957 tedia-vitre,

229 1979 341 2063 Optavi
357 1979 566 2063 quoties'arida
579 1978 657 2041 faeta
670 1978 744 2042 mori
754 1980 768 2063 1Ι

157 2137 160 2143 ,
188 2076 300 2160 Optavi
314 2076 438 2160 quoties,
448 2089 504 2141 ,eut
517 2097 597 2137 caeoo
611 2075 725 2164 turbine
740 2075 824 2151 verti,
859 2107 863 2116 ν

231 2175 294 2235 Aut
309 2174 405 2235 valido
418 2174 498 2243 missi
512 2172 639 2235 fulminis
653 2172 721 2253 igne
736 2172 814 2255 peti!
876 2224 880 2228 .

189 2271 292 2353 Atque
303 2270 414 2332 utinam
429 2270 531 2331 subite
544 2282 681 2351 raperent
695 2290 763 2331 mes
776 2272 866 2352 poma
879 2267 1026 2350 procelle,

225 2365 290 2428 'Vel
306 2386 422 2449 possem
436 2364 546 2427 fructus
560 2378 700 2427 excutere
714 2364 777 2447 ips'a
792 2373 885 2426 ineos.

187 2462 250 2539 Sic,
265 2462 315 2524 ubi
330 2461 460 2523 detracta
471 2474 519 2523 'est
534 2482 551 2522 a
565 2474 596 2523 te
610 2460 663 2522 tibi
676 2480 765 2523 causa
779 2460 892 2543 periodi,
959 2505 964 2512 «

232 2556 325 2631 Quod
339 2571 482 2641 superest,
496 2552 603 2634 tutum,
618 2556 743 2621 Pontice
757 2570 862 2634 castor,
877 2558 981 2619 habes.

152 2679 153 2683 ¹
190 2653 274 2728 Quid
287 2654 360 2717 mihi
373 2666 443 2715 tunc
458 2653 546 2716 animi
561 2667 615 2730 est,
630 2654 699 2716 oum
713 2654 802 2716 sumit
815 2654 874 2716 tela
888 2655 998 2731 qiat0r3

232 2751 334 2834 Atque
349 2750 440 2813 oeulis
456 2750 546 2833 plagae
561 2750 688 2812 destinat
702 2751 770 2813 ant'e
784 2752 903 2813 locum?

190 2846 258 2911 Neo
273 2848 364 2911 vitare
379 2847 448 2909 licet
462 2859 542 2909 moto
556 2846 618 2909 fera
631 2848 754 2909 verbera
768 2861 882 2923 trunco,

233 2943 335 3018 Quem
350 2944 405 3006 sub
419 2944 511 3005 humo
524 2943 607 3005 radix
621 2943 776 3025 vinclaque
790 2944 872 3004 firma
886 2956 998 3005 tenent.

191 3042 327 3126 Corpora
341 3043 503 3127 prebemus
519 3042 627 3125 plagis:
650 3055 684 3103 ut
697 3062 775 3124 saepe
790 3042 911 3123 sagittis,

234 3139 315 3203 Ciun
330 3130 456 3224 populus
470 3139 598 3201 manicas
613 3138 784 3221 deposuisse
798 3151 896 3200 vetat:

191 3236 272 3299 Utve
287 3258 407 3319 gravem
421 3236 549 3298 candens
564 3235 613 3297 ubi
628 3235 690 3298 tolli
704 3256 795 3297 vacca
812 3235 948 3312 securim,

235 3334 299 3395 Aut
313 3333 412 3415 stringi
426 3333 533 3395 cultros
548 3332 577 3393 in
592 3352 645 3394 sua
658 3332 735 3394 oolla
750 3332 841 3394 videt.
918 3358 922 3365 ·

60 3453 65 3461 ·
129 3467 133 3476 ·
190 3430 279 3513 saepe
295 3451 376 3492 meas
391 3444 480 3492 vento
495 3429 610 3494 frondes
625 3429 777 3491 tremuisse
793 3428 933 3511 putistis:
978 3428 982 3432 ’

235 3526 297 3589 Sed
311 3539 407 3588 metus
422 3526 451 3589 in
465 3527 549 3588 nobis
562 3546 651 3589 causa
664 3525 797 3588 tremoris
812 3539 884 3588 erat.
