2634 4259
535 388 540 397 .
573 346 742 403 1113111111.Α

160 492 225 558 Cui
239 492 359 580 triplicis
373 494 462 559 cessit
477 493 592 561 fortuna
604 484 762 561 novissima
776 500 868 581 regni.

159 592 214 656 Tu
229 615 361 676 superos,
377 594 533 677 ipsumque
548 592 714 672 Jovem'tu
729 596 848 659 numina
864 598 946 682 ponti

163 688 255 753 Victa
269 691 382 767 domas,
397 691 563 774 ipsumque,
578 692 651 773 regit
668 693 718 775 qui
731 694 852 755 numina
866 694 958 776 ponti.

161 786 287 850 Tartara
302 788 372 871 quid
386 791 524 851 cessant?
545 810 598 851 cur
612 812 671 851 non
687 790 844 873 matrisque
859 803 1001 875 tuumque

163 884 324 971 Imperium
340 887 473 970 profers?
494 888 589 970 agitur
602 910 669 971 pars
683 889 769 950 tertia
782 889 895 951 mundi.
1022 884 1027 892 ’
1074 893 1137 954 210

165 982 205 1046 Et
221 997 320 1061 tamen
335 985 364 1047 in
380 985 468 1061 coelo,
484 1007 547 1068 que
558 984 621 1069 jam
635 986 776 1069 patientia
789 1000 887 1049 nostra
900 1001 956 1063 est,

163 1080 353 1163 Spernimru:
377 1103 412 1143 ac
427 1103 546 1144 mecum
561 1082 637 1154 vires
651 1082 822 1144 minuuntur
835 1083 964 1145 Amoris.

164 1174 288 1240 Pallada
302 1199 400 1241 nonne
417 1177 508 1254 rides,
519 1178 780 1263 joculatricemque
795 1179 935 1262 Dianam,

163 1274 352 1337 Abscessisse
368 1276 460 1359 mihi?¹
483 1274 601 1338 Cereris
617 1298 735 1359 quoque
749 1277 808 1338 filia
823 1277 915 1360 virgo,

163 1370 197 1434 Si
211 1373 366 1455 patiemur,
380 1370 452 1435 erit:
476 1394 545 1436 nam
556 1394 629 1456 spes
643 1374 762 1435 affectat
775 1374 905 1437 eusdem.
1074 1376 1137 1438 215

164 1467 208 1530 At
221 1482 264 1545 tu,
281 1490 334 1552 pro
348 1468 429 1531 socio
442 1470 466 1531 si
482 1491 540 1553 qua
554 1483 600 1531 est
614 1492 681 1531 mea
695 1470 788 1551 gratia
801 1490 903 1557 regno,

163 1564 364 1647 Jun'geadeam
379 1566 505 1649 patruo'
550 1565 637 1628 Dixit
652 1565 768 1628 Venus.
812 1566 867 1628 llle
885 1567 1053 1651 pharetram

164 1652 276 1724 Solvit:
301 1676 330 1724 et
346 1663 462 1725 arbitrio
477 1650 577 1726 matris
591 1663 628 1725 de
643 1663 723 1725 mille
737 1663 849 1745 sagittis

163 1756 265 1821 Unam
279 1760 418 1845 seposuit,
433 1761 485 1821 sed
500 1760 628 1843 quirnea
643 1761 756 1822 acutior
769 1761 839 1837 ulla,

164 1854 231 1918 Nec
245 1856 341 1919 mimis
356 1854 465 1919 iriceita
480 1870 535 1932 est,
549 1877 605 1918 nec
621 1879 685 1939 que
699 1856 792 1938 magis
807 1856 906 1919 audiat
920 1864 1031 1918 arcum.
1074 1858 1138 1921 220

101 1944 116 2029 ¹,
164 1951 371 2037 Oppositqque
385 1974 464 2035 genu
478 1952 611 2015 curvavit
625 1952 727 2014 flexile
742 1972 851 2014 comu:
904 2014 909 2021 ,

164 2046 258 2133 Inque
273 2036 325 2112 cor
339 2050 459 2112 hamati
473 2048 617 2132 percussit
632 2048 773 2132 arundine
788 2048 902 2111 Ditem.
933 2103 936 2114 .

54 2219 57 2227 Ι
207 2146 298 2209 Haud
314 2148 420 2230 procul
431 2146 572 2210 Hennaeis
585 2147 668 2209 lacus
682 2159 726 2209 est
741 2144 759 2208 a
772 2146 920 2209 moenibus
934 2136 1010 2234 altre,

152 2240 294 2329 'Ndmine
310 2244 434 2327 Pergus,
449 2267 542 2329 aque.
586 2243 657 2307 Non
672 2244 723 2306 illo
736 2246 825 2328 plura
835 2242 979 2328 Caystros
1143 2328 1147 2332 ,

166 2340 307 2404 Carmina
321 2350 488 2425 cygnorum
498 2342 664 2405 labentibus
679 2341 760 2402 audit
773 2342 804 2403 in
819 2341 915 2403 undis.
1074 2342 1136 2407 225

165 2438 246 2501 Silva
260 2452 380 2501 coronat
395 2454 496 2521 aquas,
510 2438 631 2520 cingens
645 2437 722 2499 latus
735 2459 823 2499 omne
836 2458 845 2512 ;
866 2438 983 2522 suisque

159 2534 342 2612 Fraudibus,
358 2548 391 2597 ut
405 2536 484 2612 velo,
500 2534 650 2597 Phoebeos
665 2534 821 2598 submovet
834 2534 920 2597 ictus.

165 2631 289 2715 Frigora
302 2634 373 2695 dant
387 2633 471 2709 rami,
486 2628 594 2715 Tyrios
609 2633 717 2694 humus
732 2631 853 2694 humida
868 2631 966 2695 flores.

165 2727 350 2814 Perpetuum
365 2752 418 2793 ver
432 2744 486 2792 cst.
531 2727 604 2803 Quo
619 2730 690 2791 dum
705 2728 883 2813 Proserpina
900 2730 968 2793 luco
1033 2792 1036 2796 ,
1225 2798 1228 2806 ,

165 2826 268 2905 Ludit,
284 2842 315 2892 et
329 2840 379 2889 aut
394 2828 494 2904 violas,
510 2841 560 2889 aut
574 2828 701 2889 candida
713 2827 772 2894 lilia
786 2827 898 2909 carpit3
1075 2827 1138 2890 230

165 2924 309 3009 Dumque
324 2925 446 3009 puellari
461 2925 558 2985 studio
572 2925 763 3006 calathosque
778 2924 933 3004 sinumque

165 3020 286 3105 Implet,
301 3034 331 3083 et
346 3020 471 3105 equales
486 3032 580 3082 certat
594 3040 733 3101 superare
747 3018 893 3099 legendo;

165 3116 251 3181 Penie
266 3119 351 3182 simul
368 3120 429 3181 visa
445 3130 500 3193 est,
515 3116 692 3199 dilectaque,
706 3128 849 3199 raptaque
864 3114 946 3177 Diti:

165 3214 271 3299 Usque
287 3214 363 3277 adei]
377 3228 551 3299 properatur
565 3235 656 3302 amor,
701 3212 771 3275 Dea
786 3213 885 3275 territa
898 3224 1007 3275 moesto

66 3308 71 3319 '
165 3312 208 3375 Et
221 3326 356 3389 matrem,
372 3326 402 3374 et
415 3312 549 3388 comiteS,
564 3312 617 3373 sed
631 3325 756 3373 matrem
770 3311 885 3394 saepiuS,
897 3330 948 3372 ore
1076 3304 1139 3374 235

118 3476 121 3478 ,
166 3408 305 3473 Clamat:
328 3425 369 3487 et,
384 3424 416 3472 ut
431 3409 548 3473 summit
562 3422 677 3472 vestem
690 3408 813 3471 laniiuat
827 3408 865 3470 ab
878 3406 940 3482 ora,

166 3504 295 3571 Collecti
311 3507 397 3571 flores
412 3507 516 3571 tunicis
530 3505 667 3569 cecidere
681 3506 819 3568 remissis.

296 3612 299 3615 .
422 3604 468 3667 6*
