2634 4259
134 397 176 461 98
323 425 325 428 ·
445 398 790 458 uurxuonrnosnou
878 374 882 379 ’

175 552 264 616 Talia
277 551 435 629 dicentem,
450 574 614 636 nervosque
629 553 668 613 ad
683 552 772 614 verba
785 563 966 626 moventem,
1057 552 1103 614 40

120 648 309 731 ¹Exsangues
323 649 560 712 flebant-enimc.
604 647 672 711 Nec
686 647 830 711 Tantalus
843 646 953 707 undam

33 780 35 789 ν
135 744 276 829 Captavit
290 745 439 827 refugam:
462 746 631 827 stupuitque
646 744 758 807 Ixionis
771 744 860 805 orbis.

135 842 202 905 Nec
216 844 352 926 carpsere
362 842 448 927 jecur
462 840 614 913 volucres:
637 841 777 923 urnisque
793 838 934 902 vacirunt

72 988 74 993 .
133 938 273 1003 Belides:
296 940 385 1023 inque
399 952 451 1001 tuo
465 939 575 1014 sedisti,
590 926 730 1020 Sisyphe,
744 958 828 1001 saxo.

135 1033 217 1097 Tum
232 1034 357 1118 primlrm
372 1035 508 1117 lacrymis
523 1035 665 1099 victarum
678 1034 807 1096 carmine
823 1032 901 1095 ferna
915 1046 961 1102 est
1061 1034 1105 1095 45

136 1130 335 1194 Eumenidum
350 1132 496 1194 maduisse
507 1149 614 1213 genas:
636 1151 694 1192 nec
707 1129 787 1211 regia
800 1129 911 1214 conjux

136 1228 268 1290 Sustinet
282 1228 386 1305 oranti,
400 1249 457 1289 nec
472 1228 520 1311 qui
535 1228 609 1309 regit
623 1227 694 1303 ima,
707 1247 833 1307 negare:

136 1324 366 1408 Eurydicenque
381 1337 497 1387 vocant.
542 1322 670 1385 Umbras
684 1337 746 1386 erat
760 1323 810 1385 illa
822 1336 958 1400 recentes

136 1420 233 1483 Inter:
257 1435 287 1483 et
301 1421 417 1483 incessit
432 1442 520 1504 passu
534 1407 571 1481 de
586 1420 707 1481 vulnere
722 1419 815 1482 tardo.

136 1516 226 1579 Hanc
240 1518 325 1579 simul
341 1530 372 1578 et
385 1518 483 1599 legem
497 1516 694 1598 Rhodopeius
708 1516 816 1599 accipit
829 1516 927 1592 heros,
1062 1517 1106 1577 50

137 1612 186 1675 Ne
202 1614 303 1676 flectat
316 1627 394 1675 retro
407 1634 460 1675 sua
474 1613 585 1675 lumina
593 1634 602 1688 ;
624 1612 719 1675 donec
733 1613 869 1674 Aremas

137 1708 252 1773 Exierit
268 1710 376 1772 valles:
400 1721 449 1771 eut
463 1709 540 1771 irrita
554 1709 630 1770 done
645 1707 751 1771 futura.
853 1788 857 1790 Α

108 1883 112 1902 ,
180 1805 320 1889 Carpitur
333 1807 461 1869 acclivus
476 1818 625 1888 permuta
639 1805 753 1867 silentia
767 1817 885 1882 trames,

137 1903 268 1981 Arduus,
282 1901 432 1987 obseruare,
446 1902 569 1984 caligine
584 1902 692 1965 densus
706 1901 811 1985 opaci.

138 1998 205 2062 Nec
221 2001 322 2083 procul
337 1998 492 2061 abfuerunt
506 1999 616 2061 telluris
629 1999 761 2080 margine
774 2019 907 2059 summae.
1001 2079 1004 2084 Ι
1064 1998 1106 2059 55

139 2094 209 2171 Hic,
225 2118 262 2157 ne
278 2095 426 2171 deficeret,
441 2107 588 2171 metuens,
602 2095 765 2177 aridusque
780 2094 908 2171 videndi,

138 2190 240 2253 Flexit
255 2212 355 2251 amans
369 2190 486 2251 oculos:
510 2202 541 2251 et
555 2191 687 2272 protinus
702 2191 750 2251 illa
765 2187 880 2271 relapsa
893 2203 947 2252 est.

138 2286 323 2369 Brachiaque
337 2285 501 2360 intendem,
517 2286 679 2368 prendique
694 2298 725 2347 et
738 2272 881 2368 prendere
895 2299 1022 2364 certans,

138 2382 190 2445 Nil
204 2383 258 2445 nisi
271 2382 411 2445 cedentes
426 2380 528 2443 infelix
542 2382 641 2465 arripit
656 2403 752 2443 auras.

138 2479 266 2563 Jamque
281 2480 386 2543 iterum
401 2479 527 2541 moriens
542 2500 600 2540 non
615 2493 660 2541 est
674 2479 712 2541 de
722 2478 848 2562 conjuge
864 2479 1023 2562 quidquam
1065 2480 1108 2541 60

140 2576 257 2649 Questa
271 2598 340 2638 suo:
365 2575 434 2658 quid
449 2575 528 2637 enim
542 2574 596 2638 nisi
610 2596 642 2636 se
658 2588 829 2657 quereretur
843 2578 991 2654 amatam?

140 2673 376 2757 Supremumque
391 2671 467 2763 vale,
483 2669 561 2753 quod
572 2669 635 2753 jam
650 2671 702 2732 vix
716 2670 833 2731 auribus
847 2671 896 2733 ille
980 2744 986 2754 1

139 2771 312 2851 Acciperet,
328 2768 418 2829 dixit:
442 2766 632 2849 revolutaque
648 2788 746 2827 rursus
760 2765 937 2829 eddemest.

183 2866 253 2928 Non
268 2866 351 2927 aliter
365 2863 476 2946 stupuit
487 2861 606 2944 gemini
620 2883 696 2924 nece
710 2861 842 2947 conjugis
857 2862 1009 2947 OrpheuS,

29 2983 36 2996 ·
141 2962 244 3035 Quam
258 2962 312 3024 tria
326 2962 374 3045 qui
389 2960 518 3037 timidus,
533 2959 631 3021 medio
642 2974 776 3043 portante
790 2974 920 3037 catenas,
1066 2962 1108 3023 65

141 3063 228 3127 Colla
242 3063 322 3125 canis
338 3062 426 3124 vidit:
450 3082 539 3144 quem
553 3082 611 3123 non
626 3082 719 3143 pavor
733 3061 801 3123 ante
812 3062 940 3145 reliquit,

142 3159 243 3233 Quirm
258 3172 359 3221 natura
373 3158 460 3241 prior,
471 3178 544 3219 saxo
558 3178 731 3240 percorpus
745 3158 865 3221 oborto:

141 3243 264 3339 Quique
278 3256 307 3317 in
322 3276 354 3317 se
369 3254 477 3316 crimen
493 3254 591 3329 traxit,
607 3253 758 3338 voluitque
773 3255 865 3317 videri

141 3352 254 3415 Olenos
269 3374 333 3415 esse
348 3372 475 3413 nocens:
497 3363 588 3433 tuque
603 3370 622 3412 o
635 3351 745 3413 confisa
757 3352 866 3432 figurae,

141 3448 247 3512 Infelix
263 3449 396 3525 Lethaea,
411 3462 485 3523 tuae3
503 3445 686 3531 junctissima
700 3448 849 3530 quondam
977 3516 981 3525 ,
1067 3450 1111 3510 70

142 3546 278 3623 Pectora,
293 3568 371 3607 nunc
385 3544 508 3628 lapides,
525 3566 597 3629 quos
611 3544 733 3605 humida
746 3545 868 3607 sustinet
882 3543 947 3607 Ide.
