2634 4259
572 330 679 381 monn
694 329 742 379 xr.
859 316 864 323 '

471 550 474 553 ¹
549 598 688 662 monn
708 597 769 662 ru.

605 812 715 855 mnas.

609 995 640 1037 v.
656 976 709 1037 89.

171 1154 263 1219 llunc
278 1154 401 1219 adsueta
414 1155 521 1219 cohors
535 1154 643 1240 Satyri,
658 1156 846 1241 Baoehaeque
861 1156 1062 1241 frequentante

172 1254 215 1315 At
229 1252 348 1316 Silenus
363 1253 456 1316 abest.
491 1241 692 1317 ''Iltubantem
707 1254 848 1337 asinisque
862 1275 1005 1337 meroque

173 1348 321 1411 Ruricolae
334 1351 444 1433 cepere
459 1348 596 1433 Phryges
606 1364 622 1413 :'
637 1351 827 1433 cinctumque
841 1351 956 1413 coronis

173 1444 224 1507 Ad
238 1467 340 1528 regem
354 1447 472 1508 traxere
486 1445 607 1513 Midan:
630 1446 679 1508 cui
692 1446 840 1507 Thracius
855 1445 996 1529 Orpheus

173 1540 264 1623 Orgia
279 1542 445 1619 tradiderat,
460 1564 529 1605 cum
544 1542 694 1625 Cecropio
709 1541 869 1625 Eumolpo.
1126 1546 1147 1606 5

174 1636 238 1710 Qui
247 1639 338 1700 -simul
352 1639 471 1721 agnovit
485 1639 598 1703 socium
612 1639 810 1723 comitemque
824 1648 983 1716 sacrorum,

175 1733 308 1818 Hospitis
323 1736 452 1797 adventu
467 1735 574 1798 festum
588 1736 825 1817 genialiter‘egit.
853 1753 855 1758 ·

173 1829 236 1895 Per‘
247 1832 292 1893 bis
307 1832 436 1916 quinque
452 1830 525 1908 dies,
540 1845 571 1895 et
582 1831 701 1916 junctas
715 1832 816 1893 ordine
829 1845 943 1893 noctes.

216 1927 258 1991 Et
268 1928 331 2013 jam
344 1930 494 1991 stellarum
509 1928 633 1991 sublime
647 1931 787 2009 coegerat
799 1949 907 2008 agmen
925 1993 929 2001 ,

174 2022 294 2089 Lucifer
306 2026 491 2103 undecimus,
504 2024 610 2109 Lydos
623 2026 694 2088 clun
706 2025 789 2089 letus
803 2024 832 2086 in
849 2046 934 2107 agros
992 2065 995 2071 ,
1107 2028 1148 2088 1o

174 2121 246 2185 Rex
261 2123 359 2200 venit3
381 2136 411 2185 et
421 2121 525 2206 juveni
540 2121 675 2185 Silenum
688 2121 784 2185 reddit
802 2122 931 2184 alumno.

174 2217 254 2281 Huic
268 2219 342 2281 deus
356 2219 475 2302 optandi
490 2233 615 2302 gratum,
630 2219 683 2281 sed
697 2220 811 2296 inutile,
826 2218 897 2282 fecit

173 2312 307 2377 Muneris
321 2315 479 2392 arbitrium,
494 2316 625 2398 gaudens
640 2316 732 2377 altore
745 2329 877 2397 recepto.

172 2408 227 2473 Ille
241 2410 319 2473 male
333 2431 437 2473 usurus
452 2408 546 2487 donis,
557 2412 609 2489 ait,
623 2410 750 2488 ‘Effice‚
765 2410 909 2495 quidquid

172 2505 306 2594 Corpore
321 2507 482 2589 contigero,
496 2506 610 2569 fulvum
626 2521 755 2571 vertatur
768 2508 798 2570 in
813 2508 938 2570 aurum!
960 2577 965 2585 1
1105 2512 1145 2574 15

122 2666 129 2681 ,
173 2603 287 2667 Adnuit
300 2604 425 2688 optetis:
446 2605 639 2689 nocituraque
653 2626 776 2668 munera
788 2606 876 2668 solvit

172 2700 280 2779 Liber3
302 2714 333 2763 at
346 2701 479 2779 indoluit,
495 2701 575 2785 qudd
588 2723 647 2764 uon
662 2702 781 2765 meliora
796 2701 930 2786 petisset.

213 2797 314 2861 Laetus
329 2798 406 2875 abit3
428 2800 596 2882 gaudetque
611 2799 690 2861 malo
704 2798 926 2881 Berecynthius
940 2799 1044 2862 heros:

171 2893 398 2977 Pollicitamque
413 2896 501 2957 fidem
517 2894 665 2976 tangendo
679 2895 793 2975 singula
804 2908 910 2957 tentat.

173 2990 293 3076 Vixque
308 2992 360 3054 sibi
376 2992 509 3067 credens,
524 3013 583 3053 uon
598 2990 658 3053 attat
672 2990 774 3052 fronde
790 2991 933 3053 virentem
1102 2993 1145 3056 20

171 3087 242 3151 llice
258 3088 386 3151 detraxit
400 3088 528 3169 virgam:
552 3088 634 3169 virga
648 3108 737 3149 aurea
752 3085 829 3151 facta
842 3101 897 3150 est.

171 3184 263 3247 Tollit
278 3186 369 3247 humo
383 3206 506 3247 saxum:
528 3206 633 3247 saxum
648 3206 767 3270 quoque
781 3185 885 3268 palluit
898 3207 980 3250 auro.

85 3292 89 3298 '
171 3281 305 3364 Contigit
320 3296 351 3344 et
365 3284 499 3364 glebam:
521 3297 658 3346 contactu
673 3285 761 3365 gleba
774 3284 888 3367 potenti

171 3379 273 3441 Massa
287 3380 329 3441 fit.
374 3380 502 3443 Arentes
518 3380 637 3442 Cereris
652 3380 800 3462 decerpsit
815 3380 935 3441 aristas:

171 3477 274 3555 Aurea
286 3476 390 3539 messis
405 3490 477 3541 erat.
521 3476 688 3559 Demptum
702 3489 785 3538 tenet
799 3476 902 3538 arbore
916 3494 1056 3560 pomum:
1101 3480 1144 3540 25

384 3574 435 3636 9*
