2634 4259
184 407 246 470 144
493 408 841 463 unaruonrnosnon

180 562 299 626 Sistitur
313 573 382 624 ante
395 580 468 637 aras,
484 562 623 645 auditque
638 561 739 643 ignara
753 573 942 643 precantem:

180 658 357 741 Imponique
371 678 431 720 suae
447 658 527 720 videt
541 659 618 719 inter
630 676 742 720 cornua
755 656 852 732 honti,

181 754 267 829 Quas
280 755 370 818 coluit
380 754 500 836 fruges:
524 774 723 838 percussaque
736 753 878 835 sanguine
891 748 1012 815 cultros
1113 754 1157 815 75

180 850 276 915 Inficit
290 852 319 915 in
334 852 446 936 liquida
460 852 596 935 praevisos
611 850 730 913 sorsitmr
745 850 835 911 undis.
1045 856 1050 863 '

179 946 319 1011 Protinus
333 963 450 1032 ereptas
466 948 576 1011 viventi
592 961 714 1031 pectore
728 947 826 1008 fibras.
868 936 873 943 ¹

179 1042 354 1127 Inspiciunt,
369 1059 544 1129 mentesque
559 1044 649 1107 desim
664 1056 830 1107 scrutantur
842 1042 872 1105 in
887 1042 953 1105 illis.
1022 1098 1026 1104 .

222 1140 313 1203 Unde
329 1142 421 1204 fames
437 1141 549 1205 homini
564 1142 722 1205 vetitorum
736 1154 818 1203 tanta
831 1140 984 1203 ciborum?

180 1236 307 1300 Audetis
323 1239 414 1316 vesci,
429 1260 523 1322 genus
536 1260 555 1300 o
570 1239 717 1301 mortale?
740 1236 831 1322 quod,
844 1258 907 1313 oro,
1113 1236 1158 1298 80

180 1330 230 1396 Ne
246 1331 349 1398 facite:
372 1349 403 1398 et
419 1330 534 1397 monitis
549 1335 662 1397 animos
676 1334 818 1397 advertite
833 1333 949 1396 nostris.

181 1428 321 1515 Ciunque
336 1432 427 1495 bourn
441 1432 547 1495 dabitis
559 1453 703 1495 cesorum
716 1432 850 1495 membra
864 1430 974 1515 palato,

10 1518 14 1526 ’
179 1524 326 1590 Mandere
342 1549 396 1591 vos
411 1543 523 1592 vestros
538 1530 610 1593 scite
625 1542 656 1591 et
670 1529 775 1593 sentite
790 1528 922 1591 colonos,

94 1638 134 1759 q
174 1620 222 1703 „Et
238 1626 376 1709 quoniam
392 1626 465 1688 deus
480 1648 531 1688 ora
548 1639 659 1703 movet,
673 1646 780 1708 sequar
792 1646 845 1688 ora
857 1636 1029 1687 moventem

139 1703 253 1783 Ἷῖἱῑὲ
268 1721 376 1799 deum;
400 1721 596 1806 Delphosque
610 1743 706 1798 meos,
720 1722 876 1805 ipsumque
891 1721 1043 1783 recludam
1114 1720 1158 1781 85

180 1816 306 1879 AEthera
315 1840 326 1896 3
347 1832 379 1881 et
398 1833 529 1901 auguste
543 1818 680 1882 reserabo
692 1820 811 1881 oracula
824 1818 941 1881 mentis.

180 1910 304 1996 Magna,
320 1937 375 1979 nec
389 1915 512 1998 ingeniis
527 1916 690 1999 euestigata
703 1916 842 1999 priorum,
910 1956 914 1959 -

180 2008 319 2096 Quaeque
335 2012 385 2075 diu
399 2013 523 2091 latuere,
537 2034 654 2077 canam.
698 2012 790 2077 Juvat
803 2014 846 2075 ire
861 2032 915 2095 per
928 2010 988 2074 alta

182 2109 286 2171 Astra:
305 2108 402 2193 juvat,
416 2111 498 2172 terris
513 2124 544 2173 et
559 2110 643 2172 inerti
657 2110 729 2172 sede
743 2109 861 2187 relictis,

180 2202 270 2287 Nube
286 2205 375 2283 vehi;
396 2206 544 2290 validique
559 2206 689 2269 humeris
703 2205 836 2268 insistere
850 2204 999 2268 Atlantis:
1060 2236 1065 2242 ·
1115 2206 1158 2268 9⁰

182 2300 379 2386 Palantesque
395 2303 508 2365 animos
522 2303 631 2387 passim
644 2316 680 2365 ac
694 2302 813 2365 rationis
825 2315 949 2384 egentes

183 2396 366 2483 Despectore
381 2401 495 2487 procul,
509 2400 712 2485 trepidosque,
726 2400 898 2484 obitumque
912 2400 1053 2464 timentes

181 2494 231 2559 Sic
246 2498 413 2575 exhortari3
435 2498 601 2581 seriemque
618 2499 757 2560 evolvere
772 2496 834 2559 sati.

181 2601 201 2632 “
213 2594 243 2656 Ο
258 2616 352 2677 genus
366 2596 522 2658 attonitum
537 2596 639 2677 gelide
654 2595 809 2657 formidine
824 2594 942 2657 mortis!

181 2690 265 2764 Quid
281 2692 386 2775 Styga,
402 2692 472 2775 quid
486 2693 632 2769 tenebras,
648 2693 719 2777 quid
733 2692 854 2755 nomina
867 2713 944 2755 vana
956 2692 1076 2771 timetis,
1115 2693 1158 2754 95

180 2786 340 2851 Materiem
356 2806 468 2866 vatum,
483 2788 605 2873 salsique
620 2789 736 2873 piacula
751 2789 875 2851 mundi?

181 2884 317 2969 Corpora
330 2886 393 2948 sive
408 2908 496 2969 rogus
510 2885 640 2964 flammi,
655 2908 709 2949 seu
723 2887 792 2949 tabe
808 2899 938 2970 vetustas

184 2983 357 3061 Abstulerit,
371 2984 450 3047 mala
464 3006 550 3068 posse
565 2984 626 3068 pati
634 3006 700 3047 non
715 2984 773 3046 ulla
788 2982 908 3067 putetis.

184 3078 281 3143 Morte
296 3095 398 3143 carent
412 3082 534 3146 anime:
557 3082 746 3166 semperque,
761 3082 857 3165 priore
871 3080 975 3144 relicti
1048 3096 1052 3099 ’

182 3178 273 3255 Sede,
288 3178 377 3262 novis
386 3179 518 3253 habitant
533 3180 669 3241 domibus
684 3180 846 3262 vivuntque
861 3193 999 3261 recepte.
1098 3180 1159 3241 100

181 3274 251 3357 Ipse
266 3296 323 3356 ego
340 3275 423 3361 (nam
438 3274 573 3360 memini)
590 3275 713 3359 Trojani
727 3289 861 3360 tempore
875 3275 946 3338 belli

185 3370 366 3434 Panthoides
381 3370 561 3454 Euphorbus
577 3393 674 3433 eram:
697 3373 746 3434 eui
760 3387 881 3455 pectore
897 3371 1046 3457 quondam

181 3466 267 3531 Sedit
281 3468 310 3529 in
325 3468 450 3531 adverso
465 3469 560 3551 gravis
574 3468 658 3531 hasta
671 3468 791 3531 minoris
806 3469 931 3533 Auidae.

184 3562 322 3647 Cognovi
335 3565 488 3649 clypeum,
502 3566 582 3630 laevae
597 3556 761 3649 gestamina
773 3580 890 3645 nostrae,
