2634 4259
166 387 229 450 116
423 450 427 457 ,
476 395 826 449 marmoaruosrtort
911 384 917 395 '

164 543 338 628 littoraque
353 544 470 607 intravit
483 545 626 628 Pegasaed
639 544 759 608 Colcha
771 543 880 606 carine.

110 628 113 634 Δ
164 640 359 704 AEacus'huic
374 655 459 723 pater
473 656 534 704 est:
559 642 607 725 qui
619 642 687 726 jura
700 641 851 703 silentibus
865 640 933 703 illio
983 690 986 693 .
1038 645 1051 684 s
1075 646 1139 724 ‚25

164 735 288 813 Reddit,
303 736 354 799 ubi
368 737 508 800 AEoliden
523 760 628 803 saxum
642 757 732 821 grave
747 733 898 819 Sisyphon
913 752 1009 820 urget.
1026 746 1033 757 ⁴
1141 787 1143 791 .

163 832 280 896 AEaoon
294 836 426 916 agnoscit
439 856 582 911 summus,
597 835 771 919 prolemque
785 833 893 896 fatetur
916 867 918 870 v
956 876 960 880 .

111 924 116 935 ’
163 928 282 1012 Jupiter
295 950 360 991 esse
375 952 469 993 suam.
514 931 564 994 Sic
579 933 616 994 ab
630 929 710 993 Jove
724 930 826 992 tertius
842 930 934 1015 Ajax.
975 1004 981 1011 ¹
1014 948 1018 954 ’

163 1023 194 1088 N
196 1046 234 1100 eo¹
246 1040 347 1088 tamen
360 1027 423 1088 hec
438 1027 677 1107 seriesineausb
691 1026 793 1110 prosit,
808 1027 939 1104 Aobivi3
961 1073 964 1079 -
1102 1017 1105 1024 ¹

163 1121 196 1185 Si
210 1122 283 1185 mihi
297 1144 366 1185 curn
380 1144 487 1205 magno
501 1145 560 1185 non
575 1138 621 1185 est
634 1123 799 1186 communis
814 1123 946 1186 Achillea
1095 1126 1141 1187 30

163 1217 270 1282 Frater
284 1232 363 1295 erat,
387 1218 513 1282 fraterna
527 1233 609 1303 peto.
653 1218 738 1293 Quid
757 1220 899 1301 sanguine
913 1233 1011 1292 cretus

163 1314 315 1399 Sisyphio,
330 1316 481 1400 furtisque,
496 1329 527 1379 et
542 1314 642 1377 fraude
657 1316 821 1387 simillimus
833 1316 887 1393 illi,
935 1339 939 1350 ’
1007 1333 1039 1392 J

163 1410 269 1475 Inserit
283 1412 416 1476 AEaoidis
430 1414 531 1475 alienae
545 1412 665 1477 nomina
680 1404 809 1495 gentis?⁸
939 1428 943 1432 ’
1117 1400 1121 1407 ’

206 1510 256 1571 An
273 1510 353 1593 qubd
368 1510 396 1572 in
412 1531 494 1573 arma
507 1510 596 1592 prior,
611 1510 751 1593 nulloque
765 1510 821 1571 sub
835 1508 932 1572 indice
947 1530 1026 1587 vem,
1094 1546 1103 1561 x

163 1605 258 1668 Anna
273 1606 408 1687 neganda
421 1606 515 1668 mihil
537 1607 691 1689 potiorque
706 1606 853 1669 videbitur
867 1606 927 1682 ille,
1097 1608 1141 1670 35

163 1700 278 1766 Ultima
293 1704 342 1786 qui
356 1703 445 1789 oepit7
461 1702 694 1785 detrectavitque
709 1701 805 1765 imore
851 1692 855 1701 ¹
933 1742 938 1750 -

163 1796 309 1861 Militiam·
317 1799 403 1861 ficto:
427 1798 525 1871 donee,
537 1799 671 1861 solertior
690 1799 757 1875 isto,

164 1894 227 1958 Sed
241 1896 295 1957 sibi
309 1895 448 1977 inutilior,
461 1896 557 1959 timidi
571 1909 742 1959 commenta
755 1896 864 1957 retexit

165 1990 348 2075 Naupliades
363 1993 462 2070 animi,
479 1994 627 2077 vitataque
642 1992 732 2054 traxit
746 1992 776 2054 in
790 1994 895 2055 arma?
976 2025 980 2027 ⁷

164 2086 289 2170 Optima
302 2110 381 2150 nunc
396 2102 503 2165 sumat,
519 2088 569 2171 qui
583 2098 700 2149 su'mers
714 2088 809 2150 noluit
823 2088 903 2150 ulla:
1098 2090 1143 2152 40

165 2182 230 2246 Nos
245 2184 420 2260 inhonorati,
436 2198 467 2245 et
481 2184 565 2246 donis
580 2184 762 2265 patruelibus
776 2185 850 2260 orbi,
1072 2188 1075 2191 ’
1182 2170 1186 2177 ’

164 2280 335 2343 Obtulimus
351 2280 468 2364 quinos
482 2280 520 2341 ad
534 2280 635 2362 prima
642 2279 783 2362 pericula,
797 2280 899 2341 simus.
1000 2349 1004 2353 ,

164 2378 268 2461 Atque
283 2377 395 2439 utinam
409 2390 460 2439 aut
477 2396 561 2439 verus
577 2374 655 2438 furor
669 2376 729 2453 ille,
744 2390 795 2437 aut
807 2371 951 2453 creditus,
963 2390 1060 2455 esset3

165 2472 196 2537 N
198 2496 233 2537 ec
247 2495 349 2537 comes
363 2475 412 2538 hio
426 2474 573 2558 Phrygias
587 2494 718 2557 unquam
732 2473 861 2536 venisset
878 2474 916 2536 ad
931 2496 1014 2537 arces

166 2571 308 2635 Hortator
321 2572 502 2636 scelerum-l.
522 2570 592 2633 Non
607 2583 648 2647 te,
666 2571 805 2633 Poeairtia
818 2573 926 2654 proles,
995 2610 999 2616 ,
1038 2582 1041 2588 '
1099 2569 1146 2635 45

166 2668 351 2753 Εκροείῑιιῐη
360 2667 493 2751 Lemnos
507 2681 607 2730 nostro
620 2689 691 2729 oum
705 2667 827 2729 crimine
841 2667 973 2731 haberet.
1049 2683 1056 2703 ⁵

166 2765 231 2840 Qui
245 2788 324 2829 nuno
341 2766 388 2851 (ut
402 2762 582 2851 memorant)
600 2764 780 2826 silvestribus
795 2765 911 2828 abditus
925 2765 1015 2827 antris

167 2864 248 2926 Saxa
263 2884 365 2926 moves
380 2864 502 2945 gemitu,
517 2861 743 2949 Laertiadaeque
758 2862 897 2945 precaris,

76 2949 82 2962 ⁸
167 2959 246 3034 Quae
260 2962 382 3023 meruit:
406 2982 471 3044 quae
488 2959 528 3045 (si
542 2960 572 3026 di
587 2958 670 3045 suut)
687 2982 746 3023 nou
761 2952 1011 3043 vana'preoeris„

167 3056 209 3119 Et
223 3080 302 3121 nunc
317 3058 366 3122 ille
381 3058 486 3121 eadem
501 3058 584 3121 uobis
595 3057 709 3143 juratus
724 3057 754 3119 in
768 3077 859 3132 arma,
1099 3056 1143 3117 50

170 3150 256 3241 (Heu
267 3154 291 3241 l)
313 3176 382 3239 ,pars
397 3176 456 3244 una
471 3154 590 3231 ducum,
607 3145 850 3238 quo'suocessore
864 3151 975 3234 sagitte
1088 3166 1113 3222 ,Α

92 3278 100 3282 ”
158 3250 305 3315 'Herculis
320 3266 450 3329 utuntur,
465 3250 573 3315 fractus
589 3251 751 3333 morboque
765 3248 913 3334 fameque,

169 3348 352 3433 Velaturque
368 3350 510 3433 aliturque
526 3348 646 3423 avibus3
669 3348 863 3429 volucresque
885 3346 1015 3430 petendo
1034 3425 1038 3431 Ι

155 3448 156 3451 ’
168 3446 280 3509 Debita
294 3446 430 3531 Trojanis
446 3445 696 3528 exercetspioula
709 3442 784 3506 satis.
802 3429 806 3440 ⁸

168 3542 224 3605 llle
239 3558 340 3607 tamen
355 3544 443 3620 vivit,¹
454 3543 523 3626 quia
536 3564 596 3605 non
610 3541 762 3606 comitavit
776 3539 930 3623 Ulyssem.
1101 3535 1153 3603 55

447 3656 450 3661 ,
798 3631 811 3662 a
1204 3635 1209 3643 ·
