2634 4259
538 426 540 429 .
567 392 674 447 niune
696 390 754 445 XV.
1092 385 1154 453 145

177 542 284 633 Nuper
297 548 443 612 Abanteis
458 546 571 630 templo
584 546 712 609 lunonis
725 546 754 609 in
770 544 869 627 Argis.
1094 544 1154 607 105

177 646 287 710 Omnia
303 660 471 710 mutentur:
494 640 565 707 nihil
580 644 690 707 interit.
734 640 831 720 Errat,
847 658 878 705 et
893 639 971 705 illinc
1008 674 1014 681 ⁸

176 743 248 807 Huc
263 744 355 821 venit,
370 740 439 825 hinc
453 743 533 819 illuc,
548 755 581 805 et·
594 742 741 825 quoslibet
755 755 881 823 occupat
896 754 975 805 artus
1078 796 1083 801 .

177 840 322 925 Spiritus:
338 842 424 925 ‘eque
440 840 507 902 seris
522 840 652 901 humana
667 839 696 901 in
710 859 834 922 corpora
849 839 961 915 transit,

177 938 272 1022 Inque
287 938 364 1025 feras
378 952 492 999 noster:
516 957 573 999 nec
588 949 723 1019 tempore
738 936 853 1020 deperit
866 936 938 998 ullo.

177 1033 281 1119 thue
296 1035 380 1121 noris
395 1033 501 1118 fragilis
516 1034 646 1115 signatur
659 1054 728 1115 cera
742 1033 851 1115 liguris,
1095 1035 1156 1095 110

161 1130 245 1195 ·Nec
259 1146 359 1195 menet
374 1145 407 1194 ut
421 1131 526 1208 suerat,
541 1128 597 1193 nec
612 1129 720 1192 formas
734 1144 831 1193 servat
845 1129 984 1206 easdem;

177 1228 238 1292 Sed
254 1244 353 1291 tamen
368 1229 432 1312 ipsa
446 1227 552 1301 eadem
566 1243 629 1291 est:
653 1228 781 1291 animam
798 1228 840 1290 sic
854 1249 974 1311 semper
988 1226 1115 1289 eandem

177 1325 266 1403 Esse,
281 1325 333 1387 sed
348 1326 378 1388 in
395 1326 487 1387 varias
502 1326 597 1389 doceo
613 1326 738 1408 migrare
753 1326 870 1407 figuras.

177 1420 270 1505 Ergo,
285 1444 323 1485 ne
338 1423 432 1507 pietus
447 1422 484 1485 sit
496 1420 578 1485 victa
591 1412 868 1505 cupidineventris
899 1448 903 1452 >

177 1518 296 1583 Parcite
314 1517 485 1606 (vaticinor)
502 1535 641 1602 cognatas
655 1521 737 1583 crede
752 1518 882 1582 nefandi
1064 1566 1070 1575 .
1094 1522 1155 1605 115

177 1612 345 1681 Exturba're
360 1618 488 1681 animas:
512 1618 725 1699 necsanguine
739 1618 857 1699 sanguis
871 1615 977 1680 alatur.
1051 1670 1065 1695 ,

220 1714 262 1777 Et
278 1715 415 1800 quoniam
430 1736 538 1797 magno
553 1714 629 1777 seror
644 1736 772 1798 equore,
788 1716 936 1798 plenaque
952 1715 1048 1777 ventis

178 1807 256 1875 Vela
271 1810 361 1889 dedi3
382 1810 455 1875 nihil
470 1826 515 1875 est
529 1826 592 1875 toto
607 1813 686 1896 quod
700 1827 812 1895 perstet
828 1813 857 1877 in
872 1814 954 1875 orbe.

177 1908 297 1972 Cuncta
310 1910 417 1987 fluunt,
432 1910 586 1993 omnisque
603 1930 714 1991 vagans
729 1908 869 1971 formatur
883 1910 990 1992 imago.
1028 1964 1032 1969 .

177 2006 246 2089 lpsa
263 2025 381 2091 quoque
396 2007 519 2071 adsiduo
533 2006 672 2069 labuntur
680 2020 820 2090 ,tempora
837 2020 919 2070 motu
1095 2012 1156 2073 120

177 2103 246 2167 Non
262 2105 347 2167 sectis
362 2126 397 2168 ac
414 2104 535 2167 flumen.
580 2103 689 2187 Neque
704 2104 784 2167 enim
795 2105 954 2168 consistere
969 2103 1092 2183 flumen,

125 2278 127 2291 Ι
177 2199 244 2265 Nec
259 2202 333 2265 levis
347 2202 418 2265 hora
432 2215 546 2286 potest:
569 2202 633 2279 sed,
648 2216 681 2264 ut
695 2202 774 2265 unda
788 2202 948 2286 impellitur
962 2202 1052 2281 unda,

175 2298 366 2384 Urgeturque
381 2300 460 2383 prior
475 2298 615 2377 venienti,
629 2313 774 2383 urgetque
789 2300 929 2382 priorem,

177 2395 330 2480 Tempora
342 2397 385 2459 sic
400 2395 513 2478 fugiunt
528 2396 646 2479 pariter,
664 2396 829 2479 pariterque
843 2410 1023 2479 sequuntur:

88 2572 93 2575 .
178 2492 219 2557 Et
230 2516 308 2557 nova
316 2508 383 2557 sunt
392 2514 526 2577 semper:
543 2515 611 2555 narn
626 2493 705 2577 quod
716 2492 771 2555 suit
782 2493 863 2571 ειηῑὲ,ι
874 2494 1007 2557 relictum
1019 2507 1080 2557 est:
1095 2497 1155 2559 125

177 2590 298 2675 Fitque,
314 2590 486 2676 quod.haud
502 2590 612 2653 suerat:
636 2605 846 2674 momentaque
860 2605 968 2655 cuncta
982 2605 1138 2655 novantur.

178 2687 284 2751 Cernis
299 2702 330 2751 et
345 2708 473 2751 emersas
488 2687 516 2749 in
532 2688 629 2749 lucem
645 2688 768 2750 tendere
782 2702 896 2765 nocteS,

178 2782 220 2848 Et
230 2783 318 2870 jubar
332 2786 388 2848 hoc
403 2785 526 2847 nitidum
541 2785 628 2867 nigrae
644 2786 805 2848 succedere
820 2786 911 2849 nocti.

178 2880 245 2945 Nec
260 2883 340 2945 color
355 2897 399 2945 est
414 2881 493 2945 idern
507 2882 597 2958 coelo,
611 2882 680 2947 cinn
696 2882 773 2943 lassa
787 2882 886 2964 quiete

179 2978 298 3042 Cuncta
308 2978 409 3063 jacent
423 2978 541 3057 mediit3
563 2979 692 3061 ciunque
707 2978 775 3040 albo
789 2976 911 3041 Lucifer
924 2978 987 3041 exit
1095 2984 1155 3045 130

179 3075 285 3139 Clarus
301 3066 395 3160 equo:
419 3098 593 3159 rursumque
609 3075 694 3151 alius,
708 3076 776 3137 clun
792 3075 899 3158 praevia
914 3075 972 3137 luci

177 3171 371 3235 Tradendum
386 3172 506 3237 Phoebo
520 3172 682 3235 Pallantias
697 3172 786 3235 inficit
801 3171 914 3235 orbem.

177 3266 247 3353 lpse
263 3270 310 3333 dei
325 3271 461 3353 clypeuS,
476 3270 636 3334 terricum
652 3269 763 3333 tollitur
776 3270 846 3346 ime,

178 3365 271 3429 Mane
286 3369 388 3430 rubet:
412 3369 560 3453 terraique,
575 3368 671 3444 rubet,
685 3368 755 3431 etim
770 3366 906 3429 conditur
919 3367 995 3430 imit:

179 3462 333 3527 Candidus
347 3464 375 3526 in
391 3486 507 3529 summo
522 3478 578 3543 est,
593 3465 697 3527 melior
711 3478 814 3527 natura
828 3465 908 3548 quiid
924 3464 983 3530 illic
1094 3470 1155 3532 135

179 3560 310 3624 AEtlreris
325 3574 380 3639 est,
396 3576 538 3646 terreque
553 3562 656 3647 procul
670 3562 806 3644 contagia
824 3562 904 3625 vitat.

480 3664 520 3723 13
