2634 4259
594 386 702 439 LIBER
715 386 790 437 vm.

198 530 258 599 Hic
272 558 346 619 nux,
362 536 412 615 ln‘c
426 536 520 599 mixta
534 550 578 599 est
592 537 705 618 rugosis
718 536 814 599 carica
828 537 951 620 palmia:

197 632 367 715 Pronaque,
383 645 413 694 et
428 632 458 694 in
472 631 578 715 patulis
592 632 755 695 redolentia
768 633 845 695 mala
858 633 1000 709 canistris,

147 750 151 759 ’
197 726 238 792 Et
253 730 290 791 de
306 728 459 812 purpureis
474 729 605 791 collectae
620 730 727 812 vitibus
740 750 816 791 uvae.

196 825 350 890 Candidus
365 826 394 887 in
409 825 507 887 medio
520 824 605 888 savus
619 838 675 887 est.
719 825 819 909 Super
831 826 929 888 omnia
944 827 1041 889 vultus
1110 826 1171 889 135

196 922 361 985 Accessere
375 923 461 985 boni:
484 944 541 985 nec
555 922 631 984 iners
646 925 819 1021 pauperque
834 922 978 987 voluntas.
1021 999 1024 1003 Α

238 1019 366 1097 Interea,
382 1020 497 1103 quoties
511 1020 649 1083 baustum
661 1033 775 1082 cratera
790 1020 898 1102 repleri

196 1114 309 1200 Sponte
325 1116 389 1193 suti,
404 1138 458 1200 per
472 1136 564 1199 seque
579 1116 680 1179 vident
693 1135 878 1179 succrescere
895 1116 971 1192 vina,

196 1213 323 1276 Attoniti
336 1213 466 1275 novitate
482 1225 602 1295 pavent,
617 1213 811 1296 manibusque
825 1212 936 1295 supinis

196 1308 378 1392 Concipiunt
392 1309 561 1392 Baucisque
572 1302 691 1391 preces,
706 1309 882 1392 timidusque
898 1307 1074 1371 Philemon:
1109 1310 1170 1373 140

195 1405 238 1467 Εῑ
252 1407 369 1468 veniam
384 1406 517 1489 dapibus,
532 1406 677 1489 nullisque
692 1406 839 1489 paratibus
853 1419 948 1468 orant.

204 1547 205 1552 η
237 1501 352 1565 Unicus
367 1521 452 1564 anser
465 1515 538 1578 erat,
554 1502 680 1564 minimae
695 1502 828 1565 custodia
842 1502 934 1566 villae:
965 1551 972 1564 t

195 1596 299 1671 Quem
314 1598 360 1660 dis
373 1598 536 1681 hospitibus
552 1598 662 1660 domini
677 1612 805 1661 mactare
819 1599 977 1682 parabant:

194 1692 249 1757 llle
263 1696 344 1757 celer
357 1695 458 1777 pennis
471 1694 569 1757 tardos
584 1707 671 1770 aetate
683 1694 784 1779 fatigat
794 1690 808 1772 ;¹

196 1788 356 1874 Eluditque
372 1792 438 1853 diu:
461 1791 640 1873 tandemque
655 1805 700 1853 est
711 1793 790 1854 visus
804 1792 841 1853 ad
855 1793 934 1877 ipsos
1109 1794 1169 1855 145

195 1886 371 1969 Confugisse
387 1886 469 1950 deos·
515 1882 622 1969 Superi
637 1889 759 1950 vetuere
774 1888 891 1966 necari3
1176 1920 1178 1924 π

195 1982 326 2068 “Dique
341 2002 460 2060 sumus;
481 1984 659 2066 mentesque
673 1984 736 2046 luet
753 1982 857 2047 vicinia
870 2004 974 2068 poenas
1035 2056 1038 2060 ,

194 2079 319 2165 Impia,''
336 2082 491 2149 dixerunt;
515 2080 627 2143 “vobis
641 2080 820 2144 immunibus
834 2073 921 2167 liujus

194 2176 270 2241 Esse
284 2166 499 2242 mali'dabitur:
521 2178 611 2245 modo
626 2192 723 2241 vestra
736 2179 891 2263 relinquite
905 2192 1001 2257 tecta3

193 2275 241 2337 Ac
255 2290 369 2339 nostros
383 2278 521 2339 comitate
537 2276 660 2359 gradus;
683 2290 714 2342 et
726 2273 756 2339 in
769 2278 859 2340 ardua
869 2277 976 2340 montis
1107 2278 1170 2340 150

194 2366 238 2433 Ite
253 2372 373 2433 simul.'’
417 2372 528 2435 Parent
542 2374 640 2449 ambe,
654 2373 826 2455 baculisque
839 2374 929 2435 levati

194 2468 335 2532 Nituntur
349 2470 436 2551 longo
451 2469 573 2551 vestigia
587 2488 698 2552 ponere
712 2468 800 2531 clivo.
1094 2537 1097 2542 ,

235 2565 368 2628 Tantum
382 2567 501 2629 aberant
516 2586 642 2643 summo,
658 2578 800 2649 quantum
814 2566 907 2627 semel
921 2566 963 2629 ire
977 2565 1083 2648 sagitta

100 2720 104 2727 .
193 2660 287 2725 Missa
301 2676 414 2745 potest:
438 2662 551 2725 flexire
566 2664 679 2743 oculos,
694 2677 725 2725 et
739 2684 835 2725 mersa
849 2660 957 2747 palude
1026 2692 1030 2699 ·
1053 2707 1057 2713 -

193 2756 312 2822 Caetera
326 2759 521 2843 prospiciunt:
545 2759 659 2823 tantdm
673 2781 727 2823 sua
741 2773 820 2824 tecta
833 2782 963 2824 manere.
1105 2760 1166 2822 155

193 2854 335 2939 Dumque
350 2877 386 2918 ea
400 2857 556 2933 mirantum
578 2856 650 2927 dum
665 2858 777 2920 deflent
792 2858 851 2921 fata
865 2878 1001 2921 suorum:

193 2951 248 3015 Illa
262 2966 347 3015 vetus
362 2953 485 3016 dominis
500 2952 589 3014 etiam
603 2946 672 3015 casa
686 2974 777 3035 parva
791 2954 916 3029 duobus,

186 3050 326 3113 .Vertitur
339 3052 369 3113 in
384 3038 546 3133 templum:
569 3048 665 3111 fiucas
679 3049 795 3111 subiere
810 3050 970 3111 columne:

193 3141 340 3210 Sti-emina
354 3147 518 3209 flavescunt
528 3167 535 3223 3
547 3146 757 3229 adopertaque
771 3165 914 3210 marmore
928 3144 1026 3224 tellus,
1099 3180 1101 3184 <
1162 3221 1169 3227 Ι

193 3245 371 3327 Caelataeque
386 3242 473 3322 sores,
489 3257 647 3327 aurataque
663 3256 742 3304 tecta
755 3242 902 3303 videntur.
1104 3243 1165 3307 100

193 3341 279 3405 Talia
292 3364 361 3403 cum
377 3342 493 3425 placido
508 3341 659 3404 Saturnius
675 3339 766 3402 edidit
780 3360 848 3401 ore:

194 3448 212 3477 “
223 3440 333 3517 Dicite,
344 3438 424 3522 juste
439 3460 543 3515 senex,
558 3451 589 3500 et
603 3437 723 3501 foemina
737 3435 864 3519 ‘conjuge
875 3434 956 3518 justo

194 3537 303 3619 Digna,
320 3536 388 3619 quid
404 3535 545 3619 optetis.''
589 3533 670 3597 Cum
685 3532 820 3595 Baucide
834 3552 930 3615 pauca
942 3532 1070 3610 locutus,
