2634 4259
567 374 675 425 nmen
698 375 771 427 xur.
1101 368 1162 436 133

188 520 332 601 Intravit,
346 537 453 587 conata
466 523 556 609 loqui.
601 523 702 586 Locus
717 537 827 604 enstat2
839 538 870 585 et
884 544 925 585 ex
939 544 971 585 re

188 617 308 683 Nomen
324 620 430 683 habet:
454 635 646 704 veterumque
661 620 712 682 diu
726 642 840 684 memor
854 620 903 681 illa
917 620 1072 696 maiorum,

188 714 270 778 Tum
286 738 404 800 quoque
419 717 567 779 Sithonios
581 716 705 779 ululavit
718 730 825 778 moesta
839 738 893 799 per
907 737 1002 801 agros.
1031 786 1035 795 ¹

187 808 270 873 Illius
285 810 439 896 'I'roasque
454 834 532 890 suos,
547 813 706 897 hostesque
721 812 873 895 Pelasgos,
1023 815 1026 817 ’
1100 812 1169 875 565·

188 904 270 969 Illius
285 906 399 970 fortuna
414 908 485 971 deos
501 930 618 994 quoque
633 922 767 973 moverat
780 930 900 971 omnes:

189 1000 245 1065 Sic⁴
254 1025 367 1081 omnes,
382 1018 416 1067 ut
430 1020 460 1067 et
475 1006 537 1089 ipsa
551 1004 634 1067 Jovis
649 1003 818 1089 conjuxque
831 1025 971 1087 sororque

190 1097 325 1163 Eventus
340 1098 497 1165 Hecubam
511 1102 653 1165 meruisse
667 1102 819 1184 negaverit
833 1102 906 1173 illos.

355 1302 521 1346 nunonis
544 1304 684 1347 clnnuns
706 1304 741 1347 nt
763 1304 842 1345 AVES
864 1304 998 1346 nunant.

535 1454 542 1465 “
616 1472 646 1514 ν.
664 1454 738 1515 576.

232 1580 302 1645 Non
317 1596 403 1646 vacat
417 1584 549 1661 Aurora,
565 1568 733 1669 quanquam
747 1582 842 1647 isdem
857 1583 969 1647 severat
981 1582 1079 1663 arinis,

190 1678 344 1757 cladibus,
359 1693 390 1743 et
404 1702 472 1743 casu
488 1679 646 1765 Trojaaque
662 1680 855 1766 Hecubaeque
870 1682 993 1745 moveri.
1101 1682 1165 1745 570

190 1773 273 1839 Cura
288 1776 374 1839 deam
389 1778 516 1861 propior,
531 1777 687 1861 luctusque
702 1776 879 1839 domesticus
894 1778 974 1859 augit

190 1870 362 1937 Memnonis
377 1873 484 1951 amissi,
499 1872 637 1957 Phrygiis
653 1894 743 1956 quem
757 1873 839 1934 lutea
852 1874 965 1956 campis

191 1966 274 2041 Vidit
290 1969 429 2032 Achillei
443 1983 617 2053 pereuntem
632 1969 754 2054 cuspide
769 1983 874 2031 mater.

190 2062 276 2128 Vidit
285 2086 294 2142 3
316 2080 346 2127 et
361 2066 412 2133 ille
423 2066 514 2143 color,
530 2088 589 2150 quo
606 2054 748 2129 matutina
761 2066 921 2129 rubescun‘t

190 2159 353 2245 Tempora,
368 2163 528 2247 palluerat:
552 2164 695 2247 latuitque
710 2163 738 2225 in
753 2162 880 2226 nubibus
895 2164 995 2227 ether.
1103 2167 1166 2231 575

234 2258 278 2320 At
292 2280 351 2321 non
365 2259 516 2343 impositos
530 2262 676 2344 supremis
690 2260 804 2343 ignibus
818 2275 897 2323 artus

192 2354 336 2418 Sustinuit
350 2369 483 2439 spectare
497 2378 621 2440 parens:
644 2357 697 2419 sed
711 2358 791 2419 crine
805 2358 911 2435 solutu,

191 2451 279 2515 Sicut
293 2467 365 2530 erat,
381 2453 480 2535 magni
494 2454 617 2535 genibus
632 2454 824 2536 procumbere
839 2475 898 2517 non
913 2467 957 2517 est
1012 2506 1025 2528 „
1047 2441 1050 2449 ’

192 2547 362 2633 Dedignate
376 2548 470 2628 Jovis,
481 2550 682 2635 lacrymisque
696 2551 749 2613 bas
764 2550 872 2614 addere
888 2573 995 2615 voces:
1081 2528 1100 2561 ⁶

193 2644 359 2709 ‘Omnibus
370 2646 499 2725 inferior,
516 2668 586 2733 quas
601 2646 724 2709 sustinet
738 2669 844 2710 aureus
858 2632 966 2728 etherJ
1104 2652 1168 2715 580

195 2743 289 2830 (Nam
304 2744 375 2807 mibi
390 2759 457 2807 sunt
471 2758 565 2807 totum
579 2745 722 2810 rarissima
736 2746 849 2829 templa
862 2768 916 2831 per
931 2745 1048 2831 orbem)

192 2838 273 2903 Diva
287 2855 386 2904 tamen
401 2843 505 2905 venio:
529 2863 587 2906 non
603 2856 634 2904 ut
649 2842 781 2919 delubra,
797 2843 918 2928 diesque

192 2935 257 3001 Des
272 2938 344 3000 mihi
357 2940 512 3015 sacrificos,
526 2939 720 3021 caliturasque
734 2939 850 3020 ignibus
863 2961 938 3002 aras.

193 3033 226 3097 Si
241 3048 340 3097 tamen
355 3036 509 3119 adspicias,
524 3034 667 3118 quantdm
682 3035 734 3096 tibi
748 3033 869 3097 foemina
883 3050 1033 3119 praestem,

192 3129 275 3193 Tum
289 3132 359 3194 crim
372 3132 439 3194 luce
454 3132 532 3193 novi
546 3131 640 3194 noctis
653 3131 780 3194 confinia
793 3152 890 3211 servo,
1103 3136 1167 3198 585

193 3226 319 3292 Premia
333 3229 429 3291 danda
443 3242 540 3312 putes.
586 3227 648 3291 Sed
662 3250 721 3290 non
736 3249 772 3305 ea
786 3250 875 3307 cura3
896 3252 993 3314 neque
1008 3230 1056 3293 hic
1070 3244 1117 3293 est

193 3322 284 3388 Nune
298 3339 389 3387 status
407 3324 537 3403 Aurora,
552 3326 672 3387 meritos
685 3338 720 3389 nt
734 3340 836 3407 poscat
851 3327 987 3389 honores.

193 3418 365 3483 Memnonis
379 3423 449 3485 orba
462 3421 522 3484 mei
538 3422 641 3485 venio:
665 3422 715 3505 qui
730 3421 816 3485 sortia
830 3422 934 3485 bustris

194 3516 256 3581 Pro
271 3531 375 3602 pauno
388 3519 454 3581 tulit
469 3540 549 3584 arma
563 3540 635 3597 suo;
657 3520 817 3605 primisque
831 3520 886 3583 sub
900 3521 982 3581 annis

454 3619 494 3679 12
