2634 4259
597 354 706 404 arnna
727 352 761 404 n.
1021 358 1025 365 ·
1122 342 1165 408 29

191 500 408 587 Virgineusque
423 501 562 579 Helicon,
577 518 607 565 et
622 502 753 565 nondum
766 501 907 584 OEagrius
922 501 1053 565 Hamus.

191 600 285 662 Ardet
300 600 329 661 in
344 601 520 661 immensum
535 600 690 681 geminatis
705 599 819 682 ignibus
833 599 936 677 AEtne,

192 693 412 779 Parnassusque
426 696 538 779 biceps,
553 695 697 781 etEryx,
712 710 743 759 et
758 695 908 779 Cynthus,
923 710 953 759 et
967 696 1092 780 Othrys,

192 790 233 855 Et
246 794 367 855 tandem
382 790 532 875 Rhodope
547 793 663 858 nivibus
677 793 812 868 caritura,
825 792 1004 877 Mimasque,
1100 794 1159 856 221

191 888 414 977 Dindymaque,
429 904 460 952 et
474 888 606 973 Mycale,
620 904 766 973 natusque
781 890 818 952 ad
833 911 914 952 sacra
928 890 1089 953 Cithaeron.

190 986 257 1051 Nec
271 1000 394 1071 prosunt
409 986 538 1069 Scythiae
554 1008 607 1048 sua
620 985 740 1068 frigora:
763 985 916 1050 Caucasus
932 988 1025 1064 ardet,

191 1083 326 1167 Ossaque
341 1106 411 1147 cum
425 1082 699 1167 Pindo,majorque
714 1084 855 1146 ambobus
869 1083 1034 1168 Olympus:

190 1181 348 1263 Adriaeque
365 1180 471 1262 Alpes,
486 1193 517 1241 et
531 1179 646 1242 nubifer
660 1181 848 1263 Apenninus.
1100 1184 1163 1245 225

233 1276 322 1338 Tunc
337 1276 408 1338 verd
422 1275 580 1339 Phaethon
594 1277 708 1340 cunctis
723 1298 741 1338 e
757 1278 885 1360 partibus
899 1279 1001 1341 orbem

191 1372 330 1456 Adspicit
343 1394 516 1439 accensum:
539 1396 595 1437 nec
609 1388 707 1437 tantos
721 1375 844 1437 sustinet
857 1389 960 1439 astus:

190 1470 414 1555 Ferventesque
430 1489 524 1549 auras,
539 1472 621 1533 velut
635 1493 653 1533 e
668 1470 786 1535 samace
800 1471 954 1555 prohrndd,
987 1479 990 1483 “

191 1566 254 1630 Ore
269 1568 367 1644 trahit,
381 1589 541 1652 currusque
555 1589 623 1630 suos
637 1569 816 1631 candescere
830 1570 929 1631 sentit.

192 1663 235 1727 Et
248 1686 346 1749 neque
357 1664 420 1750 jam
434 1666 546 1728 cineres
561 1664 778 1750 ejectatamque
792 1665 921 1729 favillam
1101 1670 1165 1731 230

191 1760 284 1824 Ferre
299 1776 413 1845 potest:
436 1764 590 1845 calidoque
605 1763 763 1825 involvitur
775 1763 906 1847 undique
920 1762 1011 1825 firmo.

179 1856 325 1942 Quoque
339 1872 398 1942 eat,
414 1873 465 1922 aut
478 1860 529 1921 ubi
543 1860 590 1935 sit,
605 1858 693 1942 piced
705 1861 828 1943 caligine
842 1873 938 1922 tectus

191 1953 314 2032 Nescit,
336 1969 366 2018 et
381 1956 498 2018 arbitrio
513 1956 666 2024 volucrum
680 1966 811 2038 raptatur
821 1977 976 2039 equorum.
1088 1951 1091 1957 ’

235 2052 385 2135 Sanguine
400 2066 464 2115 turn
477 2052 602 2115 credunt
616 2052 645 2115 in
660 2073 784 2135 corpora
797 2072 913 2115 summa
922 2068 1038 2130 vocato,

193 2148 370 2231 AEthiopum
385 2150 515 2234 populos
523 2149 637 2231 nigrum
654 2142 777 2211 traxisse
792 2150 932 2212 colorem.
1102 2152 1165 2215 235

178 2234 275 2307 v'I'um
290 2246 366 2309 sacta
380 2236 425 2308 est
440 2246 548 2329 Libye,
563 2246 652 2329 raptis
669 2246 838 2311 humoribus
852 2261 934 2324 aestu,

193 2340 288 2403 Arida
296 2365 304 2419 3
325 2357 389 2405 tum
403 2344 541 2427 nymphae
557 2344 649 2426 passis
664 2343 818 2428 fontesque
833 2345 972 2431 lacusque

191 2436 355 2503 Deflevdre
370 2440 473 2503 comis.
517 2438 632 2513 Quaerit
645 2438 767 2503 Boeotia
779 2440 903 2519 Dircen,

194 2536 290 2617 Argos
306 2536 507 2619 Amymonen,
521 2534 647 2619 Ephyre
664 2536 817 2599 Pirenidas
831 2537 934 2604 undas.
1035 2572 1038 2576 ·

192 2631 261 2695 Nec
275 2634 375 2697 sortita
389 2635 455 2697 loco
470 2634 609 2697 distantes
624 2634 746 2697 flumina
759 2635 837 2719 ripas
1103 2640 1167 2703 240

192 2728 276 2793 Tuta
289 2745 424 2793 manent:
448 2731 551 2793 mediis
564 2730 678 2794 Tanais
692 2730 815 2795 firmavit
828 2734 859 2797 in
873 2733 970 2811 undis,

192 2826 371 2911 Peneosque
386 2821 493 2905 senex,
505 2827 785 2913 Teuthranteusque
800 2830 922 2908 Caicus,

173 2984 176 2989 .
192 2922 237 2986 Et
250 2925 330 2986 celer
343 2924 486 3003 Ismenos,
501 2948 570 2988 cum
584 2925 738 2989 Phocaico
752 2925 949 3009 Erymantho,

192 3020 381 3105 Arsurusque
397 3022 503 3084 iterum
519 3022 669 3099 Xanthus,
685 3023 837 3106 flavusque
852 3020 1028 3106 Lycormas,

193 3117 318 3201 Quique
333 3120 491 3182 recurvatis
506 3120 579 3182 ludit
594 3119 760 3182 Maeandros
776 3120 804 3183 in
819 3121 923 3199 undis;
1103 3124 1167 3187 245

192 3214 435 3299 Mygdoniusque
450 3214 558 3293 Melas,
573 3230 604 3279 et
617 3216 770 3280 Taenarius
785 3216 922 3281 Eurotas.

193 3312 276 3375 Arsit
291 3327 321 3375 et
336 3313 504 3397 Euphrates
518 3313 713 3397 Babylonius,
729 3316 797 3379 arsit
815 3315 954 3392 Orontes,
1013 3370 1016 3377 .

191 3408 446 3495 'Ihennodonque
461 3412 547 3489 cituS,
562 3413 752 3497 Gangesque,
769 3427 800 3475 et
813 3412 930 3489 Phasis,
946 3427 978 3476 et
990 3411 1076 3475 Ister.

193 3505 314 3571 AEstuat
328 3508 480 3593 Alpheos:
502 3511 571 3594 ripae
583 3511 785 3594 Spercheides
799 3510 919 3573 ardent:
1033 3546 1036 3550 ²

492 3608 542 3671 3*
