2634 4259
168 368 210 429 54
297 410 300 413 -
486 378 830 447 uerrucaruosaort

170 524 331 603 Moenibus
347 539 377 588 et
392 540 475 588 vasto
491 527 612 589 dederat
627 528 771 590 servanda
785 530 921 591 draconi:
1075 526 1140 609 290

166 622 356 707 Arcebatque
370 623 429 685 suis
444 638 582 687 externos
597 625 702 686 linibus
716 646 830 687 omnes.

167 716 247 781 Huic
263 730 391 805 quoque,
407 718 513 783 ‘Vade
529 722 642 804 procul,
657 739 695 783 rte
710 721 799 803 longe
813 722 904 804 gloria
918 744 1025 800 renim,

166 814 252 889 Quas
268 817 417 894 mentiris‚’
433 818 483 893 ait,
500 818 604 899 ‘long'e
620 818 672 880 tibi
686 817 805 901 tupiter
819 820 914 882 absit.'

171 912 297 997 Vimque
312 914 398 978 minis
414 914 510 977 addit:
533 913 701 997 foribusque
715 916 866 998 expellere
881 929 976 978 tentat

167 1009 383 1089 Cunctantem
392 1024 423 1073 et
437 1010 559 1095 placidis
573 1010 746 1074 miscentem
761 1012 847 1075 fortia
861 1013 955 1076 dictis.
1077 1016 1140 1077 295

167 1104 286 1170 Viribus
300 1098 427 1185 inferior,
446 1103 524 1194 (quis
539 1108 618 1171 enim
632 1126 686 1192 par
699 1122 777 1172 esset
792 1110 909 1173 Atlanti

166 1204 285 1268 Viribus
294 1204 324 1293 i)
340 1206 401 1269 ‘At
415 1206 554 1291 quoniam
567 1207 649 1290 parvi
664 1206 717 1270 tibi
730 1208 821 1289 gratia
833 1223 932 1271 nemra
948 1221 994 1271 est
1002 1229 1012 1284 ;

167 1303 280 1386 Accipe
296 1303 423 1381 munus‚'
439 1304 479 1366 ait
488 1325 496 1380 ;
517 1303 650 1387 laevique
665 1325 688 1365 a*
697 1318 780 1387 parte
791 1302 931 1367 Medusae

87 1476 90 1478 ,
165 1398 233 1482 lpse
249 1407 429 1463 retroversus
443 1400 617 1485 squallentia
632 1400 760 1484 prodidit
775 1422 836 1464 ora.

165 1495 305 1569 Quantus
320 1511 392 1573 erat,
407 1516 491 1559 mons
506 1497 599 1561 sactus
614 1498 711 1560 Atlas.
754 1497 824 1560 Jam
837 1498 928 1560 barba
941 1518 1092 1581 comaeque

166 1592 200 1655 ln
215 1594 302 1673 silvas
317 1595 443 1657 abeunt:
462 1594 536 1679 juga
549 1608 617 1657 sunt
632 1595 806 1679 humerique
816 1616 991 1679 manusque.
1076 1581 1137 1662 {301

60 1770 65 1779 ὓ
165 1690 259 1764 Quod
273 1705 363 1775 caput
377 1692 445 1755 ante
461 1691 525 1768 fuit,
540 1713 656 1753 summo
670 1695 717 1754 est
730 1692 759 1755 in
773 1705 1043 1755 montecacumen.
1154 1738 1157 1741 -

164 1786 242 1851 Ossa
257 1789 330 1873 lapis
345 1790 428 1852 fiunt.
472 1788 555 1851 Tum
569 1802 668 1873 partes
682 1802 786 1863 auctus
801 1790 831 1851 iu
844 1811 949 1852 omnes
1043 1807 1047 1809 ’

109 1908 113 1922 ¹
166 1883 271 1948 Crevit
285 1886 314 1947 in
329 1886 517 1963 immensum,
535 1884 591 1973 (sic
606 1885 636 1947 di
651 1884 806 1972 statuistis)
823 1900 853 1949 et
868 1906 957 1949 omne
1038 1970 1042 1973 ῃ

165 1980 246 2045 Cum
261 1995 305 2047 tot
319 1984 460 2047 sideribus
474 1984 584 2047 coelum
599 1984 745 2067 requievit
758 1984 788 2046 in
802 1980 863 2047 illo.
1067 1983 1141 2046 act

355 2234 495 2277 crassos
518 2234 560 2275 er
582 2233 790 2293 aunaournn
811 2202 975 2277 suurn(

593 2413 624 2458 v.
639 2396 714 2459 662.
733 2443 736 2446 a

207 2552 363 2629 Clauserat
377 2564 565 2649 Hippotades
579 2578 687 2628 eterno
700 2584 819 2627 carcere
834 2578 956 2627 ventost

164 2663 401 2746 Admonitorque
415 2682 539 2745 operum
554 2662 632 2725 coelo
646 2661 822 2723 clarissimus
837 2661 897 2723 alto

165 2759 287 2835 Lucifer
300 2773 380 2822 ortus
394 2772 468 2821 erat.
512 2758 623 2820 Pennis
638 2758 709 2840 ligat
723 2757 773 2820 ille
786 2758 944 2841 resumptis

157 2858 254 2921 'Parte
271 2858 307 2920 ab
322 2856 446 2941 utrique
461 2855 573 2939 pedes3
595 2856 714 2939 teloque
729 2854 893 2937 adcingitur
906 2875 1002 2918 unco:

165 2954 207 3018 Et
220 2956 363 3039 liquidum
377 2954 464 3017 motis
478 2953 614 3017 talaribus
629 2956 698 3015 aera
711 2951 805 3015 findit.
996 2994 1001 3003 ·
1077 2953 1141 3015 310

164 3052 311 3116 Gentibus
326 3052 485 3116 innumeris
500 3052 671 3135 circirmque
685 3049 819 3135 infrique
833 3049 952 3128 relictis,

65 3170 68 3177 ’
166 3150 341 3235 AEthiopum
357 3150 494 3234 populea,
509 3149 648 3231 Cepheia
661 3148 806 3231 conspicit
820 3169 901 3209 arva.

208 3247 272 3311 illic
287 3247 461 3311 immeritam
475 3260 614 3309 matemae
630 3244 764 3328 pendere
774 3244 885 3326 linguae

168 3344 376 3409 Andromedan
392 3350 496 3428 poenas
511 3342 629 3415 immitis
642 3341 768 3426 jusserat
782 3341 925 3402 Ammon.
1034 3415 1036 3419 ,

165 3444 268 3517 Quam
283 3443 368 3506 simul
379 3441 421 3504 -ad
436 3441 522 3503 duras
537 3440 689 3521 religatam
703 3438 823 3501 brachia
836 3450 938 3499 cautes
1076 3437 1139 3499 315

166 3540 249 3603 Vidit
265 3528 466 3615 Abantiades3
489 3539 539 3615 ait,
555 3536 603 3598 ‘O
619 3557 677 3599 non
693 3536 781 3618 digna
794 3534 916 3612 catenis,
1175 3538 1178 3543 ’
