2634 4259
409 394 413 403 ·
480 391 829 445 uurauosruoesor
926 453 931 459 K

345 650 346 655 '
439 622 756 737 t'nrenev.

335 888 478 951 ramirus
500 888 547 931 rr.
566 887 650 929 sonu
673 886 812 949 susm
835 880 970 928 uursrr.

544 1082 550 1091 ·
598 1069 645 1109 ·r.
663 1052 693 1109 1.

166 1214 309 1301 Dumque
324 1237 361 1279 ee
374 1214 555 1300 Cephenum
566 1214 669 1279 medio
682 1214 837 1277 Danaeius
851 1213 940 1276 heros

165 1313 297 1395 Agmine
310 1326 522 1377 commemorat
531 1334 541 1389 ;·
562 1312 685 1375 fremitu·
693 1311 802 1393 regalia
815 1312 906 1373 turbe

165 1410 251 1471 Atria
265 1410 467 1493 complentur:
491 1430 547 1471 nec
561 1407 742 1493 eonjugialia
750 1407 825 1470 festa

168 1504 232 1579 Qui
246 1520 343 1584 canat,
358 1520 403 1569 est
417 1506 544 1582 clamor;
566 1506 620 1568 sed
635 1505 685 1589 qui
700 1504 762 1566 sera
775 1503 896 1566 nunciet
909 1524 1001 1566 arma.

166 1600 261 1686 Inque
276 1604 445 1686 repentinos
458 1602 594 1665 convivia
609 1622 694 1664 versa
708 1602 851 1663 turnultus
1119 1599 1142 1664 5

165 1700 356 1762 Adsimulare
368 1699 443 1763 freto
458 1700 567 1783 possis:
592 1697 672 1783 quod
686 1720 765 1761 saeva
779 1698 912 1782 quietum

167 1795 335 1859 Ventorum
347 1796 441 1859 rabies
456 1796 542 1860 motis
557 1809 715 1879 exasperat
728 1796 825 1857 undis.

155 1916 158 1921 ’
208 1892 328 1955 Primus
340 1894 370 1955 in
385 1894 430 1957 his
444 1892 588 1971 Phineus,
603 1893 673 1955 belli
686 1893 858 1955 temerarius
872 1904 985 1969 auctor,
1039 1915 1043 1919 ’
1303 1823 1309 1968 l

167 1987 348 2061 Fraxineam
363 1990 495 2074 quatiens
510 2004 603 2053 aeratae
615 1990 746 2073 cuspidis
759 1990 892 2065 hastam3
1109 2067 1120 2085 .

167 2084 257 2161 ‘En,'
273 2086 395 2163 ait„‘en
410 2087 513 2147 adsum
527 2090 678 2169 praereptae
690 2083 825 2169 conjugis
838 2084 926 2147 ultor.
1101 2086 1143 2147 10

166 2178 234 2243 Nec
249 2182 318 2243 mihi
334 2194 365 2243 te
379 2202 494 2265 penne,
509 2202 566 2243 neo
580 2180 685 2242 falsum
702 2201 802 2241 versus
816 2180 846 2241 in
861 2201 965 2241 aumm
1111 2181 1115 2185 ’
1162 2242 1164 2245 ,

165 2274 293 2359 Jupiter,
308 2276 453 2360 eripient!
498 2274 629 2343 Conanti
642 2276 759 2338 mittere
774 2274 929 2358 Cepheus,
1307 2277 1308 2290 ¹

167 2370 269 2445 ‘Quid
283 2372 353 2436 sacis
363 2373 393 2435 ?'
416 2372 579 2437 exclamat:
604 2380 687 2456 ‘que
702 2386 743 2449 te,
758 2365 908 2454 gennade,
922 2370 1068 2434 furentem

165 2464 255 2530 Mens
270 2470 329 2551 agit
342 2470 372 2531 in
387 2468 520 2533 facinus?
564 2468 717 2531 Meritisne
731 2468 796 2531 haec
810 2468 902 2549 gratia
915 2467 1004 2529 tantis

56 2574 62 2589 ·
166 2562 334 2630 Redditur?
356 2566 414 2627 hle
429 2566 519 2629 vitam
534 2578 654 2628 servata
667 2566 739 2645 ,dote
753 2565 912 2647 rependis?
1099 2567 1142 2628 15
1235 2564 1241 2574 ’

166 2659 268 2733 Quam
283 2662 409 2739 tibinou
423 2661 562 2738 Perseus
577 2682 681 2725 verum
701 2662 726 2723 si
741 2660 853 2744 queris,
868 2661 989 2738 ademit,

166 2754 228 2818 Sed
241 2778 331 2839 grave
347 2755 512 2821 Nereidum
526 2778 647 2834 numen,
663 2756 864 2837 sedcluniger
878 2758 1022 2835 Ammon,

117 2882 127 2895 =
167 2851 228 2914 Sed
244 2875 307 2936 quae
324 2853 482 2916 visceribus
492 2854 633 2937 ,ueniebat
647 2853 746 2917 bellua
760 2866 852 2936 ponto

165 2946 373 3013 Exsaturanda
386 2950 472 3011 meis.
515 2949 570 3012 lllo
583 2949 635 3012 mi
650 2963 783 3033 tempore
797 2962 881 3033 rapta
895 2964 950 3028 est,

166 3043 239 3117 Quo
254 3046 383 3129 peritura
395 3045 472 3124 suit„
505 3045 570 3109 Nisi
582 3048 619 3124 si,
633 3046 773 3123 erudelis,
786 3046 817 3109 id
831 3042 932 3134 ipsum‘
1097 3052 1140 3113 21)

166 3140 282 3223 Exigis,
295 3155 329 3204 ut
343 3156 461 3225 pereat:
484 3143 625 3226 luctuque
639 3144 778 3207 levabere
792 3157 904 3205 nostro.

166 3236 285 3299 Scilicet
299 3237 379 3299 haud
393 3238 462 3303 satis
477 3251 531 3315 est,
547 3238 636 3322 qudd,
651 3252 682 3301 te
696 3250 860 3322 spectante,
874 3241 1006 3302 revincta
1018 3253 1083 3317 est;
1152 3312 1156 3318 ,

157 3328 333 3396 urnulam·
348 3333 427 3417 qudd
442 3354 530 3417 opem
544 3346 665 3427 patruus
679 3332 842 3418 sponsusve
856 3336 967 3398 tulisti:

166 3428 300 3513 Insuper,
315 3448 333 3491 a
347 3450 496 3515 qucquam
510 3430 589 3517 qudd
604 3430 641 3495 sit
655 3444 781 3510 servate,
796 3431 927 3511 dolebis3
992 3479 995 3484 «
