2634 4259
551 654 728 733 arsur.
780 702 784 707 -
841 604 845 608 ’

256 1033 341 1097 nra.
358 1032 415 1096 111.
433 1000 462 1095 ιζ
499 1031 584 1095 uus.
600 1006 648 1095 112
659 1034 733 1094 aaa.
771 1018 1057 1092 treuvam(

461 1200 610 1242 ROMULUS
633 1200 676 1241 m·
698 1199 817 1240 REHUS·

151 1324 317 1401 Brauon,
328 1324 469 1408 depositis
482 1324 591 1407 clypeo
605 1324 755 1406 paulisper
769 1336 799 1384 et
819 1321 914 1398 hasti,

194 1420 287 1497 Mars,
302 1422 390 1497 ades3
412 1434 443 1483 et
458 1420 562 1482 nitidas
577 1420 691 1482 casside
706 1420 789 1480 solve
801 1438 914 1480 comas.

152 1516 221 1601 lpse
237 1519 320 1580 vides
334 1517 468 1580 manibus
483 1517 583 1600 peragi
598 1516 660 1578 sera
674 1516 752 1578 bella
766 1514 922 1578 Minervae.

196 1613 279 1677 Num
293 1614 390 1677 minias
403 1614 537 1696 ingenuis
552 1614 660 1675 artibus
675 1613 725 1674 illa
739 1614 846 1675 vacat?

152 1711 282 1773 Palladis
297 1711 439 1819 exemplo
453 1710 596 1807 ponenda.
612 1723 747 1792 tempora
760 1730 844 1771 sume

196 1790 355 1891 Cuspidisl
379 1807 511 1870 invenies
525 1820 557 1869 et
573 1807 673 1889 quod
666 1807 784 1867 mermis
799 1827 879 1887 agas.

152 1902 234 1966 Tum
250 1925 368 1987 quoque
383 1903 501 1966 inermis
516 1924 591 1977 ems,
605 1904 674 1964 crim
689 1917 719 1965 te
735 1902 874 1965 Romana
887 1901 1024 1964 sacerdos

127 2020 132 2029 '
196 2000 297 2082 Cepit,
312 2014 345 2062 ut
360 2000 428 2062 huic
443 1999 519 2061 Urbi
535 1999 750 2080 seminadigna
764 2000 876 2060 dares.-

154 2095 208 2159 llia
224 2094 353 2159 Vestalis
370 2096 455 2180 (quid
470 2096 550 2157 enim
566 2109 646 2158 vetat
660 2095 728 2157 inde
744 2095 858 2157 moveri
866 2093 894 2180 l)

197 2193 288 2255 Sacra
301 2189 447 2255 lavaturas
461 2194 549 2257 mane
565 2193 686 2276 petebat
700 2213 802 2275 aquas.

155 2287 289 2350 Ventum
305 2304 369 2351 erat
383 2290 421 2369 ad
435 2290 516 2351 molli
532 2289 679 2351 declivem
694 2290 808 2351 tramite
823 2289 934 2371 ripam:
948 2328 951 2333 -

197 2383 322 2447 Ponitur
337 2406 354 2446 e
369 2386 485 2447 summd
499 2385 594 2446 fictilis
608 2406 683 2446 urna
692 2385 794 2446 'coma

154 2480 249 2543 Fessa
263 2482 372 2543 resedit
386 2482 486 2556 humi3
509 2495 673 2565 ventosque
687 2481 803 2564 accepit
817 2494 920 2563 aperto

198 2578 344 2653 Pectore3
366 2579 495 2640 turbatas
510 2578 694 2661 restituitque
709 2594 836 2640 comas.

154 2672 239 2737 Dum
254 2675 347 2751 s'edet,
357 2673 504 2736 umbrosae
519 2676 635 2751 salices,
651 2656 845 2759 volucresque
858 2660 973 2738 canorae
1092 2676 1132 2737 15

197 2769 348 2833 Fecerunt
363 2792 491 2848 somnos,
507 2785 536 2833 et
552 2773 618 2834 leve
634 2794 873 2855 murmuraque.

154 2866 271 2929 Blanda
286 2868 369 2950 quies
385 2868 468 2929 victis
484 2867 582 2930 surtim
596 2868 727 2950 subrepit
741 2870 851 2945 ocellis,

198 2963 240 3025 Et
253 2964 332 3026 cadit
347 2978 479 3025 amento
494 2964 631 3045 languida
647 2963 724 3025 sacta
738 2984 852 3027 manus.

154 3058 308 3141 Languida
322 3061 481 3141 consurgit,
497 3080 553 3121 nec
568 3060 622 3121 scit
636 3082 690 3122 cur
704 3060 842 3141 languida
853 3077 971 3142 surgat:

198 3156 240 3218 Et
255 3157 368 3239 peragit
383 3156 456 3218 tales
472 3158 574 3219 arbore
590 3158 659 3219 nixa
674 3179 777 3220 sonos:
1007 3195 1014 3201 ·
1089 3162 1133 3223 20

154 3254 308 3317 ‘Utile'sit
323 3255 521 3338 faustumque,
537 3277 651 3339 precor,
667 3256 746 3340 quod
761 3256 887 3337 imagine
901 3257 1003 3331 somni·

198 3350 352 3414 Vidimus:
376 3374 413 3415 an
428 3374 532 3414 somno
545 3353 651 3415 clarius
666 3354 737 3415 illud
752 3356 836 3416 erat?

154 3449 274 3532 Ignibus
290 3448 386 3511 Iliacis
401 3450 537 3511 aderam:
560 3450 630 3511 etim
645 3451 727 3532 lapsa
740 3451 853 3533 capillis

197 3545 319 3607 Decidit
334 3558 401 3606 ante
417 3567 513 3607 sacros
528 3546 615 3607 lanea
630 3546 702 3607 vitta
718 3545 808 3609 socos.

155 3641 229 3704 lnde
245 3642 310 3703 duae
326 3641 434 3724 pariter
451 3641 527 3725 (visu
544 3641 693 3727 mirabile)
710 3644 815 3727 palmae
