2634 4259
479 394 482 403 ’
557 388 665 437 LIBER
690 389 763 438 XIV.

473 674 479 687 .
528 629 666 693 umas
699 630 790 694 mv.

428 818 537 860 mnas
562 820 604 861 ΕΤ
629 819 733 862 REGES
759 820 886 862 AIMNI·

600 991 629 1032 v.
642 973 719 1040 445,

170 1106 302 1170 Solvitur
317 1110 442 1185 herboso
456 1112 592 1192 religatus
608 1113 644 1175 ab
659 1115 766 1195 ag'gere
781 1113 874 1177 funis:
889 1186 896 1193 ‚

171 1200 213 1265 Et
227 1206 329 1286 procul
345 1205 470 1283 insidias,
485 1207 693 1291 insamataeque
708 1210 876 1292 relinquunt
938 1272 942 1277 .

169 1297 267 1361 Tecta
283 1300 356 1377 deae,
367 1302 510 1385 ‚lucosque
526 1317 640 1386 petunt,
656 1306 705 1367 ubi
719 1307 835 1391 nubilus
849 1306 954 1369 umbri

169 1393 205 1455 ln
220 1417 301 1457 mare
315 1418 383 1459 oum
399 1398 477 1459 flavi
488 1388 653 1484 prorumpit
667 1400 777 1482 Tybris
792 1402 892 1463 arena.
937 1450 941 1457 s

168 1488 407 1575 Faunigenaeque
422 1493 510 1556 domo
524 1496 633 1578 potitur
646 1497 775 1578 natique
791 1495 908 1572 Latini3
1120 1504 1142 1565 5

169 1584 240 1648 Non
254 1589 316 1649 sine
330 1587 428 1651 Marte
443 1603 553 1652 tamem
597 1590 718 1653 Bellum
732 1612 801 1652 cum
816 1606 904 1672 gente
918 1591 1008 1655 feroci

168 1682 351 1766 Suscipitur3
372 1684 518 1769 pactaque
532 1686 599 1749 furit
615 1708 669 1768 pro
682 1686 808 1771 conjuge
823 1686 953 1751 Turnus.

211 1777 367 1841 Concurrit
381 1779 469 1843 Latio
483 1780 650 1863 Tyrrhenia
666 1795 744 1844 tota:
768 1783 891 1867 diuque·
946 1816 951 1825 .
1006 1771 1010 1778 ⁴

168 1874 271 1937 Ardua
285 1876 413 1938 sollicitis
429 1879 548 1939 victoria
563 1880 699 1960 queritur
712 1880 809 1941 armis.

166 1971 269 2052 Auget
282 1986 407 2055 uterque
421 1976 487 2035 suas
502 1986 627 2035 externo
642 1975 745 2035 robore
760 1976 852 2038 vires:

166 2064 208 2129 Et
223 2068 306 2129 multi
321 2068 461 2146 Rutulos,
477 2069 559 2131 multi
576 2068 707 2153 Trojana
722 2083 842 2132 tuentur

166 2162 282 2225 Castra.
305 2224 306 2229 ,
326 2154 435 2248 Neque
451 2164 562 2227 AEneas
577 2165 708 2227 Evandri
723 2166 760 2227 ad
774 2164 875 2228 limina
888 2165 1004 2245 flustra,

166 2260 209 2321 At
226 2259 361 2322 Venulus
376 2282 510 2342 magnam
527 2261 641 2343 profugi
657 2261 812 2323 Diomedis
826 2262 863 2323 ad
879 2264 982 2331 urbem

166 2354 309 2419 Venerat.
353 2354 407 2417 Ille
422 2356 541 2438 quidem
555 2358 609 2417 sub
624 2357 739 2439 Iapyge
753 2358 883 2419 maxima
898 2358 1010 2420 Dauno

165 2450 280 2514 Moenia
293 2450 475 2527 condiderat,
490 2451 655 2534 dotaliaque
671 2472 739 2513 arva
753 2452 889 2520 tenebat,
1097 2456 1137 2516 15

164 2548 226 2611 Sed
242 2545 378 2610 Venulu‘s
392 2546 487 2609 Turni
502 2562 657 2631 postquam
672 2547 809 2609 mandata
822 2547 947 2631 peregit,

163 2645 378 2727 Auxrliumque
394 2644 485 2726 petit;
508 2644 584 2705 vires
598 2643 726 2705 AEtolius
740 2644 828 2705 heros

165 2740 315 2806 Excusat:
339 2762 394 2801 nec
409 2761 441 2803 se
456 2740 550 2801 soceri
564 2739 747 2802 committere
763 2762 869 2822 puguae

165 2837 254 2899 Velle
268 2837 312 2899 sui
326 2836 469 2919 populos:
492 2856 560 2912 neo,
574 2856 648 2918 quos
664 2856 681 2895 e
696 2848 784 2915 gente
801 2856 920 2897 suorum

165 2934 281 3009 Armet,
296 2934 506 3009 habereviros.
551 2930 657 2991 Rutuli
671 2931 734 2991 sine
745 2930 853 2991 viribus
869 2932 923 2993 illis
1093 2934 1136 2995 20

163 3028 252 3091 Bella
265 3030 405 3093 instructa
419 3040 524 3110 gerunt
536 3048 542 3088 :
565 3026 750 3107 multumque
761 3025 799 3086 ab
809 3026 932 3107 utraque
944 3025 1054 3087 cruoris

164 3125 255 3188 Parte
270 3126 365 3201 datur.
409 3123 483 3187 Fert
498 3142 569 3184 ecoe
585 3121 685 3183 avidas
699 3121 831 3203 inspmea
844 3119 964 3182 Tumus

162 3221 264 3285 Texta
279 3222 373 3285 seces:
396 3222 537 3303 ignesque
552 3219 666 3294 timent,
682 3218 786 3300 quibus
801 3218 880 3279 unda
894 3217 1039 3299 pepercit.

204 3318 332 3402 Jamque
347 3319 455 3400 picem,
471 3330 501 3378 et
515 3336 608 3390 ceras,
623 3314 819 3396 alimentaque
833 3327 938 3375 cetera
952 3314 1078 3377 flamme

162 3414 312 3477 Mulciber
325 3414 437 3489 urebat,
452 3432 564 3495 perque
579 3410 670 3472 altum
686 3410 723 3471 ad
738 3409 858 3471 carbasa
871 3408 982 3471 malum
1092 3413 1134 3475 25
1184 3456 1188 3463 -

162 3510 238 3583 Ibat,
255 3524 284 3571 et
299 3510 424 3571 incurvae
438 3507 590 3570 fumabant
604 3519 728 3568 transtra
740 3504 864 3567 carine:
