2634 4259
172 385 218 448 60
483 392 831 448 neranonenesnon

145 557 160 571 ³
172 541 289 625 Stipite,
304 540 354 625 qui
368 538 466 603 medii
479 540 591 624 positus
605 538 735 603 sumebat
748 541 778 603 in
793 539 873 618 auld,
936 567 938 570 ·

171 637 321 717 Perculit;
343 651 373 699 et
387 636 483 699 fractis
497 636 629 700 confudit
642 638 673 699 in
686 637 799 699 ossibus
812 658 874 700 ora.

96 742 98 751 '
171 732 262 796 Hunc
275 733 326 795 ubi
340 732 472 795 laudatos
483 732 643 818 jactantem
658 734 689 795 in
702 733 843 816 sangnine
858 734 960 797 vultus

170 828 310 913 Assyrius
324 830 396 892 vidit
409 828 557 913 Lycabas,
568 829 768 914 junctissimus
781 829 823 893 ini
863 901 865 904 ¹

171 924 213 987 Et
226 947 337 1003 comes,
352 940 382 989 et
404 926 465 988 veri
479 946 538 989 non
553 924 746 989 dissimulator
760 928 887 1004 amoris:

170 1022 333 1106 Postquam
348 1024 536 1085 exhalantem
550 1023 605 1085 sub
619 1023 725 1098 acerbo
740 1024 861 1086 vulnere
875 1024 967 1087 vitam

70 1154 73 1163 ,
166 1118 345 1202 Deploravit
359 1119 453 1182 Athin
465 1140 474 1196 ;
496 1140 571 1203 quos
584 1119 633 1182 ille
647 1119 822 1197 tetenderat,
837 1142 921 1183 arcus

170 1214 309 1299 Adripit3
330 1229 371 1294 et,
386 1222 395 1253 ‘
410 1214 536 1279 Mecum
549 1216 604 1279 tibi
615 1216 673 1278 sint
686 1216 867 1293 certamina‚'
883 1215 976 1282 dixit:

170 1309 218 1373 ‘N
220 1332 255 1374 ec
270 1312 389 1395 longtlm
403 1313 487 1397 pueri
501 1311 560 1375 sato
573 1311 731 1389 laetabere:
750 1334 810 1397 qno
823 1311 892 1396 plus

169 1406 300 1486 Invidiae,
316 1408 403 1492 quim
418 1409 522 1487 laudis,
536 1408 652 1471 habesss
694 1408 770 1471 Haec
784 1410 882 1471 omnia
895 1408 1027 1471 nondum

169 1501 315 1567 Dixerat:
337 1506 457 1569 emicuit
470 1526 563 1569 nervo
576 1504 757 1589 penetrabile
770 1505 884 1567 telum:

170 1599 375 1686 Vitatumque,
388 1616 489 1666 tamen
504 1602 622 1676 sinuosa
636 1616 718 1665 veste
732 1602 885 1685 pependit.
1055 1682 1058 1686 .

171 1696 268 1761 Vertit
282 1699 311 1761 in
326 1700 404 1763 hunc
419 1700 541 1783 harpen,
556 1711 720 1782 spectatam
731 1699 814 1761 eade
828 1696 975 1775 Meduse,

169 1795 396 1874 Acrisioniades,
411 1796 603 1881 adigitquein
618 1808 734 1880 peetus.
778 1794 823 1857 At
836 1794 886 1858 ille
1093 1800 1141 1859 'to

168 1891 237 1954 'Jam
251 1892 390 1970 moriens,
402 1893 495 1956 oculis
509 1893 564 1955 sub
577 1905 666 1955 nocte
680 1891 844 1955 nataunlrns
859 1892 933 1971 atri,
1067 1970 1073 1977 ,

119 2020 121 2025 v
168 1987 388 2073 Circumspexit
402 1990 514 2054 Athin:
536 2010 628 2074 seque
642 1990 800 2053 adclinavit
813 1989 843 2051 in
857 1990 939 2053 illum
952 2010 971 2053 ε,

168 2084 210 2148 Et
224 2085 290 2147 tulit
304 2085 341 2147 ad
355 2106 457 2147 manes
467 2086 575 2170 juuotae
590 2086 693 2149 solatia
705 2084 817 2149 mortis.

211 2181 278 2245 Nec
291 2182 424 2245 Phineus
438 2203 529 2244 ausus
538 2203 711 2245 concurrere
725 2183 859 2246 cominus
872 2183 960 2260 hosti,

167 2276 319 2364 Intorquet
329 2278 479 2365 jaculum:
502 2278 581 2363 quod
596 2278 700 2342 detulit
714 2300 793 2341 error
806 2279 836 2341 in
852 2278 939 2356 ldan,
1004 2348 1010 2365 ι
1093 2281 1139 2343 75
1211 2301 1216 2305 ·

168 2376 334 2461 Expertem
348 2374 453 2439 humi
465 2374 546 2454 belli,
561 2390 591 2439 et
604 2389 709 2439 neutra
722 2396 803 2439 arma
820 2390 965 2439 secutum.
1305 2439 1306 2482 1

167 2473 222 2537 Ille
236 2488 322 2537 tuens
336 2474 428 2537 oculis
442 2474 585 2536 immitem
598 2472 717 2536 Phinea
729 2474 829 2550 torvis,
1070 2468 1075 2477 ⁸

168 2569 438 2654 ‘Quandoquidem
453 2570 482 2631 in
497 2569 617 2653 perteS,'
631 2571 682 2646 ait,
693 2570 872 2647 ‘abstrahor,
882 2568 995 2651 accipe,
1006 2566 1137 2645 Phineu,

168 2666 272 2739 Quem
286 2666 379 2729 fecisti
393 2667 519 2742 hostem,
534 2687 685 2749 pensaque
700 2667 757 2729 hoc
772 2667 893 2728 vulnere
909 2666 1044 2728 vulnus)

1305 3091 1307 3134 l

167 2762 293 2857 Jamque
308 2764 477 2826 remissurus
492 2775 617 2825 tractum
631 2763 669 2825 de
684 2784 806 2846 corpore
820 2761 914 2825 telmn
1093 2764 1136 2825 80

167 2860 314 2942 Sanguine
330 2860 459 2923 delectos
473 2860 579 2923 cecidit
593 2860 740 2943 collapsus
753 2859 783 2921 in
798 2874 886 2934 artus.

210 2955 270 3020 Hic
285 2979 402 3041 quoque
416 2957 597 3041 Cephenum
612 2971 794 3041 post‘regem
808 2957 918 3041 primus
932 2956 1039 3020 Odites

167 3054 248 3117 Ense
259 3054 340 3139 jacet
355 3053 515 3138 Clymeni:
539 3053 703 3117 Protenora
717 3055 841 3139 perculit
855 3054 1017 3139 Hypseus:

167 3151 293 3235 Hypsea
307 3151 468 3236 Lyncides·
484 3194 485 3197 =
509 3151 584 3215 Fuit
599 3165 629 3214 et
643 3153 814 3234 grandevus
828 3152 858 3214 in
872 3152 929 3215 illis

168 3248 338 3327 Emathion,
354 3250 430 3333 aequi
443 3249 550 3328 cultor,
564 3249 741 3331 timidusque
756 3249 898 3311 deorum:
1092 3250 1136 3313 85

168 3346 271 3418 Quem
286 3347 423 3431 quoniam
438 3345 595 3429 prohibent
609 3346 677 3408 anni
692 3346 812 3424 bellare,
827 3344 977 3429 loquendo

167 3441 285 3526 Pugnat
296 3446 312 3521 ;'
326 3456 356 3505 et
370 3444 498 3521 incessit,
512 3444 712 3527 scelerataque
727 3443 855 3505 devovet
874 3463 965 3505 anna.

167 3538 248 3603 Huic
262 3540 401 3627 Chromis
414 3542 554 3631 ampleno
567 3541 699 3605 tremulis
713 3540 813 3608 alteria
826 3540 931 3623 palmis
999 3564 1010 3581 ·
