2634 4259
166 405 210 471 es
480 415 827 483 smrssronrnosaou

165 560 303 625 Murmur
317 575 396 626 erat:
420 573 573 649 vocesque
583 565 736 628 hominum
750 568 891 630 exaudire
906 568 1036 647 videbar,

88 658 91 661 ’
164 658 234 721 Jam
248 659 320 722 mihi
334 660 482 723 desuetas.
527 661 610 723 Dum
624 663 758 746 suspicor
770 664 823 752 has
838 686 956 748 quoque
970 668 1083 742 somni3

164 756 247 819 Fece
262 758 342 819 venit
356 757 503 821 Telamon
518 779 678 841 properus:
702 757 868 843 foribusque
882 762 1013 839 reclusis,
1073 766 1149 827 235·

165 853 316 938 “Speque
331 854 459 938 fideque,
474 854 590 937 pater,''
606 854 690 932 dixit,
706 854 845 939 “majora
859 857 982 919 videbis.

163 942 348 1032 Egredere.”
393 950 538 1033 Egredior
546 972 555 1027 ;
578 951 739 1035 qualesque
753 952 782 1013 iu
797 952 924 1034 imagine
937 955 1033 1017 somni

164 1045 254 1109 Visus
268 1068 350 1110 eram
365 1048 470 1110 vidisse
486 1048 581 1123 viros3
603 1068 644 1109 ex
656 1048 760 1111 ordine
774 1049 847 1111 tales

161 1143 316 1227 Adspicio,
331 1165 528 1228 agnoscoque.
572 1144 697 1207 Adeunt
707 1166 715 1221 ;
737 1152 897 1229 regemque
912 1146 1048 1213 salutant.

162 1238 243 1303 Vota
256 1240 326 1303 Jori
340 1243 432 1319 solvo,
448 1241 623 1325 populisque
638 1242 805 1305 recentibus
818 1243 922 1306 urbem
1071 1247 1135 1307 240

160 1337 286 1414 Partior,
302 1352 332 1400 et
347 1360 455 1400 vacuos
469 1338 571 1421 priscis
585 1338 745 1402 cultoribus
759 1360 861 1422 agr0s;
998 1408 1003 1415 ,

160 1434 424 1519 Myrmidonasque
441 1457 532 1497 vooo:
555 1456 611 1499 nec
626 1435 737 1517 origine
752 1436 871 1498 nomina
884 1434 997 1499 fraudo.

160 1531 296 1615 Corpora
311 1533 418 1595 vidisti.
463 1531 576 1609 Mores,
590 1553 665 1615 quos
679 1533 748 1595 ante
761 1533 912 1615 gerebant,

159 1630 249 1692 Nunc
265 1652 381 1714 quoque
396 1630 525 1706 habent}
548 1650 729 1714 parcumque
743 1650 846 1712 genus,
862 1630 1035 1714 patiensque
1050 1629 1118 1693 labo

282 1750 360 1809 rum,

29 1838 35 1849 “
158 1823 341 1909 Quaesitique
355 1838 457 1902 tenax,
472 1836 502 1887 et
517 1824 566 1908 qui
581 1823 701 1907 quesita
713 1824 885 1886 reservent!
915 1914 921 1925 Ι
1069 1827 1132 1889 245

517 2246 656 2313 LIBER
682 2246 771 2312 vm.

541 2464 631 2507 tcum
650 2463 745 2506 HOBS·

582 2646 613 2687 r.
632 2627 703 2689 183.

156 2799 296 2865 Daedalus
311 2799 421 2862 interea
437 2796 560 2874 Creten,
574 2796 755 2881 longumque
771 2817 892 2879 perosus

156 2898 316 2974 Exsilium,
331 2908 498 2979 tractusque
513 2895 567 2957 soli
581 2895 685 2957 natalis
699 2916 810 2970 amore,
982 2888 986 2895 ’

156 2994 286 3059 Clausus
301 3006 363 3055 erat
378 2993 511 3078 pelagos
541 2991 669 3055 ‘Terras
683 2992 774 3070 licet,'
789 2989 918 3074 inquit,'‘
927 3005 959 3055 et
972 2991 1066 3055 undas
1118 3067 1122 3071 Α

156 3091 314 3154 Obstruat:
338 3103 368 3151 at
381 3090 492 3152 coelum
505 3090 587 3152 certe
603 3102 701 3173 patet:
724 3089 830 3153 ibimus
845 3089 923 3151 illdc.

155 3187 267 3251 Omnia
281 3187 447 3271 possideat3
469 3206 527 3247 non
543 3186 674 3268 possidet
688 3189 758 3248 adra
771 3185 894 3267 Minos)

198 3285 303 3348 Dixit:
327 3282 358 3346 et
371 3283 484 3366 ignotas
500 3282 630 3345 animum
645 3282 764 3345 dimittit
777 3283 807 3344 in
822 3297 916 3346 artes:

156 3382 359 3465 Naturamque
374 3394 474 3445 norat.
518 3377 598 3442 Nam
613 3380 696 3462 ponit
710 3379 740 3441 in
753 3380 856 3443 ordine
870 3400 993 3464 pennas,

156 3481 187 3542 Α
202 3478 325 3542 minima
337 3492 463 3563 coeptas,
477 3476 596 3560 longam
609 3474 743 3539 breviore
758 3478 910 3561 sequenti:

155 3575 201 3639 Ut
215 3576 293 3639 olivo
305 3575 433 3640 crevisse
447 3587 544 3659 putes.
589 3572 640 3637 Sic
653 3574 762 3638 rustica
776 3574 925 3658 quondam
