2634 4259
177 384 239 448 1352
375 422 377 427 .
482 385 847 457 mannuonrrroseon

1306 493 1308 524 l

175 537 330 620 Factaque
344 534 491 599 'iltre'iciis
505 535 634 619 ingentia
649 535 771 597 vulnera
785 535 863 596 telis.
981 545 983 548 ’
1085 540 1152 601 530
1302 539 1308 624 l

174 633 309 696 Troades
323 632 508 696 exclamant:
531 632 678 695 obmutuit
693 630 743 693 illa
756 632 877 707 dolorc3
1224 629 1227 633 ’

175 726 218 793 Et
231 729 339 813 pariter
353 748 469 805 vocem,
483 727 841 811 lacrymasque'introrsus
854 727 973 790 obortas
1020 721 1023 727 ’
1140 729 1143 731 ’

167 824 310 905 ΙΒενοτιιῑ
323 826 387 908 ipse
402 824 502 887 dolor:
524 824 657 907 duroque
671 824 817 902 simillirm
830 844 905 885 sexo

174 918 308 1004 Torpet:
331 931 363 983 et
377 919 502 982 adversi
514 920 576 1001 figit
589 918 680 981 modo
693 919 804 981 lumine
817 920 913 997 terrla;
1031 987 1039 999 g

175 1015 328 1079 Interdum
341 1029 440 1079 torvos
454 1015 577 1079 sustollit
592 1015 630 1077 ad
645 1016 754 1077 aethera
769 1016 884 1078 vultus:
1085 1018 1150 1081 535
1305 1035 1308 1084 l

176 1112 267 1177 Nune
281 1112 367 1197 positi
381 1126 496 1195 spectat
511 1111 636 1187 vultum,
651 1110 731 1173 nuuc
746 1110 963 1190 vulneraJnari,
1303 1113 1308 1186 l

178 1208 312 1275 Vulnera
325 1208 489 1293 precipue:
512 1228 604 1291 seque
619 1220 712 1269 armat
726 1220 758 1269 et
771 1207 885 1269 instruit
899 1201 964 1270 iri?

176 1305 251 1380 Qut
265 1306 351 1369 simul
365 1302 484 1381 exarsit,
499 1317 638 1387 tanquam
653 1290 756 1385 'regina'
767 1319 911 1382 muneret,

175 1398 289 1465 Ulcisci
303 1402 421 1477 statuit;
444 1390 603 1484 poenaeque·
613 1400 643 1462 in
657 1400 787 1481 imagine
801 1413 864 1463 tota
878 1414 935 1463 est.

175 1494 278 1585 thue
293 1497 361 1560 lurit
374 1496 472 1560 catulo
486 1496 615 1558 lactente
629 1496 730 1581 orbata
744 1496 847 1574 leena,
1086 1500 1152 1561 540

175 1593 325 1678 Signaque
340 1606 426 1655 nacta
441 1592 563 1674 pedum,
578 1592 719 1673 sequitur,
735 1611 823 1673 quem
838 1613 898 1653 non
910 1592 1002 1671 sidet,
1012 1594 1149 1656 hostem:

176 1686 226 1755 Sic
241 1688 380 1765 Hecube,
396 1701 552 1772 postquam
566 1708 635 1749 oum
649 1686 733 1749 luctu
747 1686 862 1751 miscuit
877 1682 961 1766 iiam,

176 1785 246 1850 Non
261 1786 351 1849 oblita
365 1785 697 1873 animorumqannorum
712 1782 802 1845 oblita
814 1805 946 1863 suorum,

177 1882 269 1947 Vadit
283 1883 321 1945 ad
335 1883 476 1947 artificem
490 1881 558 1945 dire
570 1880 780 1963 'Polymestore
793 1870 900 1943 ceds':

175 1979 426 2063 colloquiumque
440 1978 535 2061 petit:
557 1998 625 2039 nam
641 1997 674 2039 se
688 1981 850 2039 monstrare
859 1977 1000 2041 relictum
1084 1980 1152 2043 545

175 2074 264 2137 Velle
278 2076 372 2137 latens
386 2074 435 2150 illi,
452 2074 531 2157 quod
545 2087 615 2137 nato
628 2072 777 2151 redderet,
791 2095 906 2149 autum.
920 2135 922 2142 ,
1103 2092 1106 2096 ·

108 2166 109 2169 “
174 2169 310 2235 Credidit
323 2167 486 2251 Odrysius-z
510 2168 674 2253 praedaeque
688 2169 828 2230 adsuetus
842 2186 943 2234 amore
1077 2201 1080 2236 j

174 2268 210 2333 In
224 2282 339 2331 secreta
353 2267 450 2331 venit:
473 2289 545 2330 eum
556 2267 666 2331 blando
678 2267 802 2330 callidus
816 2290 878 2345 ore,

174 2365 281 2428 ‘Tolle
296 2386 403 2442 moras,
418 2362 567 2442 Hecube:
584 2364 676 2427 dixit:
700 2364 756 2427 ‘da
770 2386 894 2429 munera
907 2379 989 2429 nato.

174 2461 275 2525 Omne
290 2461 352 2525 fore
366 2450 442 2524 illius
457 2462 537 2545 quod
551 2461 614 2539 dae,
631 2461 711 2545 quod
726 2476 757 2523 et
771 2462 840 2525 ante
855 2463 974 2539 dedisti,
1048 2546 1050 2548 ι
1085 2466 1152 2527 550

173 2558 235 2621 Per
248 2579 371 2641 superos
381 2556 471 2641 juro.’
516 2557 640 2640 Spectat
655 2559 821 2622 truculenta
838 2560 1020 2643 loquentem,
1164 2573 1170 2585 ‘

173 2654 322 2739 Falsaque
331 2654 498 2739 jurantem:
521 2653 694 2739 tumidique
709 2669 853 2719 exestuat
866 2656 928 2735 iri3

172 2751 275 2834 Atque
291 2752 333 2814 ita
347 2763 515 2833 correptum
529 2748 713 2833 daptivamm
727 2749 844 2833 agmine
858 2767 984 2816 matrum
1024 2808 1029 2815 Δ

173 2846 300 2924 lnvolat‚
315 2862 346 2910 et
361 2846 464 2929 digitos
479 2846 509 2908 in
524 2846 636 2930 perfida
648 2846 761 2910 lumina
775 2850 886 2927 condit,

173 2942 388 3029 Exspoliatque
403 2964 494 3025 genas
507 2944 600 3006 oculis
617 2942 756 3029 (facitira
772 2945 936 3031 valentem)
1085 2949 1150 3009 555

173 3038 384 3124 immergitque
399 3062 520 3103 manus:
543 3040 713 3124 foedateque
727 3043 870 3123 sanguine
884 3043 961 3106 sonti

173 3134 243 3199 Non
257 3137 370 3214 lumen,
385 3158 482 3218 neque
497 3138 576 3197 enim
590 3152 735 3219 superest,
749 3138 816 3200 loca
829 3139 948 3202 luminis
962 3139 1069 3203 haurit.
1183 3180 1187 3185 ι
1306 3143 1307 3172 ¹

215 3230 313 3295 Clade
328 3234 372 3295 sui
386 3231 539 3295 'l'hraoum
554 3252 626 3312 gens
640 3232 749 3295 irritata
763 3234 881 3317 tyranni

173 3326 294 3390 Troada
308 3310 434 3393 telnrrim
449 3328 640 3410 lapidumque
656 3328 803 3391 incessere
814 3330 898 3413 jactu

172 3422 288 3505 Coepit.
334 3426 377 3489 At
391 3426 454 3486 haec
469 3423 590 3485 missum
604 3445 695 3486 rauco
707 3446 777 3488 cum
792 3448 942 3489 murmure
955 3435 1064 3491 saxum'
1084 3431 1150 3493 560

172 3515 321 3582 Morsibus
336 3519 513 3602 insequitur:
535 3520 669 3604 rictuque
684 3521 715 3583 in
729 3522 819 3585 verba
832 3536 936 3607 parato
