2634 4259
442 360 445 365 “
563 372 672 427 uranu
694 372 768 424 xur.
1095 364 1156 424 125

187 517 248 580 Sed
263 540 361 603 neque
377 518 558 605 Naupliades
572 521 684 584 facinus
698 521 856 583 defendere
872 534 996 598 tantum,
1090 523 1156 584 310

187 613 324 699 Tamque
339 625 454 700 patens,
469 619 574 680 valuit:
597 639 653 679 nec
669 640 720 680 vos
735 618 853 682 audistis
867 618 897 680 in
911 618 961 679 illo

187 710 337 788 Crimina3
359 714 485 777 vidistis:
508 715 661 798 pretioque
676 715 793 799 objecta
807 716 957 797 patebant.
1068 783 1072 794 ,

228 807 296 871 Nec
311 809 505 875 Poeantiaded
521 810 599 899 qudd
619 812 709 874 habet
726 810 870 873 Vulcania
885 811 1026 887 Lemnos,

187 902 263 967 Esse
278 926 344 967 reus
358 906 469 969 merui:
492 906 602 969 factum
616 907 766 969 defendite
783 920 927 970 vestrum:

187 1000 383 1064 consensistis
398 1003 493 1065 enim:
515 1024 572 1065 neo
586 1025 635 1065 me
649 1004 773 1065 suasisse
787 1005 912 1085 negabo,
1092 1006 1155 1067 315

186 1094 231 1160 Ut
244 1120 276 1160 se
291 1100 473 1161 subtraheret
487 1100 616 1183 bellique
632 1101 745 1184 viasque
759 1100 861 1176 labori,
1160 1099 1165 1113 ’

186 1193 387 1279 Tentaretque
403 1195 478 1258 seros
493 1196 593 1279 requie
608 1196 700 1257 lenire
715 1197 839 1259 dolores.

186 1290 307 1369 Paruit;
329 1305 359 1354 et
374 1292 453 1355 vivit.
499 1291 568 1355 Nou
583 1292 646 1355 haeo
660 1293 805 1355 sententia
818 1291 932 1357 tantum

186 1387 273 1465 Fida,
287 1388 340 1450 sed
354 1403 385 1451 et
398 1388 487 1465 felix3
508 1389 578 1451 ciun
592 1389 629 1451 sit
642 1388 722 1465 satis,
737 1410 802 1451 esse
816 1388 944 1451 fidelem.

187 1484 289 1558 Quem
304 1486 441 1569 quoniam
455 1499 538 1547 vates
551 1485 678 1547 delenda
692 1486 729 1547 ad
744 1485 891 1567 Pergama
905 1498 1041 1569 poscunt,
1091 1488 1156 1549 320

187 1582 235 1645 Ne
249 1582 387 1643 mandate
401 1582 489 1644 mihi:
512 1582 616 1643 melius
630 1581 823 1644 Telamonius
836 1582 900 1657 ibit,
1010 1622 1017 1631 ·

187 1677 372 1763 Eloquioque
387 1679 480 1741 virum
496 1678 603 1740 morbis
618 1678 719 1762 inique
734 1677 880 1741 furentem

185 1773 312 1851 Mulier,
327 1787 378 1836 aut
392 1774 490 1857 aliqui
503 1774 646 1856 producet
659 1775 782 1837 callidus
797 1788 871 1837 arte.

185 1871 266 1933 Ante
282 1885 359 1933 retro
374 1870 482 1933 Simois
497 1870 580 1945 fluet,
595 1884 626 1933 et
640 1871 704 1931 sine
719 1869 867 1931 frondibus
880 1868 936 1930 lde
1027 1912 1033 1919 ,

185 1968 290 2044 Stabit,
305 1981 336 2029 et
350 1967 491 2029 auxilium
506 1966 655 2047 promittet
669 1965 786 2027 Achaia
800 1964 909 2049 ijs,
1090 1966 1154 2028 325

185 2064 298 2143 Qu'am,
312 2077 446 2127 cessante
461 2085 529 2126 meo
543 2085 596 2147 pro
612 2064 714 2127 vestris
723 2076 849 2147 pectore
865 2062 961 2139 rebus,

184 2162 284 2246 Ajacis
299 2161 396 2223 stolidi
410 2160 524 2223 Danais
537 2160 665 2226 sollertia
678 2160 778 2243 prosit.

184 2258 230 2321 Sis
244 2258 314 2321 licet
328 2256 448 2320 infestus
461 2257 558 2334 sociis,
572 2258 704 2341 regique,
718 2257 859 2342 mihique,

182 2354 267 2417 Dure
282 2354 467 2429 Philoctete;
488 2354 559 2415 licet
572 2362 738 2429 exsecrere,
749 2375 913 2437 meumque

183 2450 341 2513 Devoveas
355 2450 418 2512 sine
432 2449 490 2511 fine
504 2462 612 2531 caput;
633 2449 795 2531 cupiasque
810 2449 920 2511 dolenti
1089 2451 1153 2513 330

182 2546 235 2609 Me
249 2548 302 2610 tibi
316 2546 389 2609 sorte
405 2535 476 2623 dsn',
492 2559 682 2629 nostrumque
696 2546 811 2609 haurire
828 2566 963 2608 cruorem
971 2566 980 2621 ;

183 2644 297 2727 [thue
313 2644 356 2707 tui
370 2643 452 2720 mihi,
467 2643 508 2705 sic
522 2644 572 2705 fiat
586 2643 739 2725 tibicopia
752 2643 841 2705 nostri
851 2644 873 2724 ε]

181 2741 229 2803 Te
243 2755 343 2803 tamen
358 2741 524 2822 aggrediar:
550 2742 741 2823 [mecumque
755 2742 896 2803 reducere
911 2740 1011 2821 nitar]
1101 2753 1105 2756 '

179 2836 318 2920 Tamque
333 2837 390 2899 tuis
405 2836 499 2925 potiar
515 2835 628 2921 (faveat
643 2836 791 2923 Fortuna)
807 2837 928 2918 sagittis,

179 2933 283 3008 Quam
297 2955 362 2997 sum
377 2933 539 3009 Dardanio,
551 2953 640 3015 quern
655 2934 734 3014 cepi,
749 2947 816 2995 vate
830 2934 958 3015 potitus:
1086 2932 1150 2995 335

179 3030 283 3105 Quam
297 3050 439 3113 responsa
453 3028 553 3103 deum,
569 3026 759 3110 Trojanaque
773 3027 842 3104 fata,
856 3028 968 3091 retexi:

179 3126 279 3200 Quam
294 3126 377 3209 rapui
392 3123 529 3207 Phrygiae
544 3124 659 3206 signum
674 3126 824 3207 penetrale
843 3122 987 3187 Minervae

178 3222 321 3287 Hostibus
337 3243 354 3283 e
369 3221 484 3285 mediis.
527 3220 571 3285 Et
585 3243 617 3283 se
632 3222 704 3283 mihi
718 3236 867 3305 comparat
883 3222 986 3306 Ajax?

177 3317 297 3403 Nempe
310 3320 378 3401 capi
391 3317 513 3402 Trojam
528 3319 720 3400 prohibebant
735 3319 795 3382 fata
809 3320 872 3383 sine
886 3320 953 3382 illis.

176 3414 275 3478 Fortis
289 3416 339 3477 ubi
354 3429 399 3477 est
414 3414 517 3497 Ajax?
540 3415 588 3476 ubi
603 3428 672 3476 sunt
685 3416 815 3496 ingentia
828 3417 927 3497 magni
1085 3425 1150 3489 340

178 3512 279 3576 Verba
294 3512 367 3574 viri?
390 3510 455 3575 Cur
469 3511 518 3573 bic
532 3512 662 3573 metuis?
683 3533 737 3574 cur
750 3513 839 3575 audet
853 3512 979 3596 Ulysses

394 3661 397 3667 .
478 3608 545 3670 11*
