2634 4259
558 349 667 403 LIBER
685 347 722 403 11.

147 499 333 589 securaque,
349 516 380 567 et
394 502 495 588 positae
510 502 611 587 spatiis
626 501 785 588 aequalibus
800 498 911 565 Horat

148 599 271 685 Verque
286 622 398 663 novum
413 601 518 679 stabat,
532 600 664 663 cinctum
678 599 803 662 florente
817 598 945 661 coronis:

45 738 58 749 -
148 696 251 760 Stabat
266 698 347 760 nuda
361 697 473 775 AEstas‚
489 701 519 761 et'
533 698 635 780 spicea
648 696 871 779 serta-gerebat.

148 794 253 857 Stabat
267 808 298 857 et
312 795 495 873 Autumnus,
509 794 628 857 calcatis
642 794 776 856 sordidus
793 793 871 870 uris,

148 888 191 953 Et
203 891 335 973 glacialis
348 890 466 969 Hiems,
480 910 571 954 canos
584 892 697 959 hirsuta
709 890 843 975 capillos.
1081 891 1154 954 30·

190 986 264 1049 lnde
277 988 347 1050 loco
361 989 487 1065 medius,
501 1009 599 1051 rerum
613 988 744 1051 novitate
758 1000 918 1071 paventem

148 1081 202 1155 Sol
216 1084 309 1150 oculis
320 1084 475 1169 juvenem,
491 1086 595 1168 quibus
610 1085 735 1167 adspicit
748 1084 857 1161 omnia,
869 1084 952 1147 vidit.

150 1178 306 1265 ‘Quaque
321 1182 375 1251 viae
390 1182 441 1245 tibi
455 1184 565 1245 causa?
610 1180 695 1256 Quid
709 1180 787 1259 haic?
803 1181 854 1258 ait,
869 1187 955 1243 ‘arce
970 1178 1081 1264 petisti,

148 1276 323 1359 Progenies,
338 1277 508 1357 Phaethon,
523 1278 602 1341 haud
617 1278 772 1341 inficianda
785 1277 900 1361 parenti
909 1276 932 1339 i’

149 1373 204 1437 llle
218 1373 325 1437 refert:
349 1370 396 1439 ‘O
411 1376 464 1437 lux
478 1376 613 1437 immensi
628 1374 747 1459 publica
760 1374 874 1450 mundi,
1081 1374 1126 1437 35

149 1469 268 1534 Phoebe
284 1485 379 1555 pater,
394 1472 418 1534 si
433 1473 484 1535 das
499 1472 587 1558 hujus
601 1472 674 1535 mihi
687 1470 813 1533 nominis
827 1492 926 1550 usum,

31 1604 33 1615 ‚
52 1616 54 1621 .
150 1566 280 1649 Pignora
294 1569 342 1647 da,
357 1570 488 1651 genit0r;
508 1572 564 1653 'per
579 1575 642 1654 que
657 1583 709 1632 tua
723 1589 794 1631 vera
807 1589 940 1653 propago

151 1662 276 1742 Credar,
291 1679 321 1728 et
335 1666 414 1729 buno
429 1666 532 1729 anirnis
547 1686 675 1729 errorem
689 1666 811 1728 detrabe
826 1664 954 1728 nostris.'

150 1760 289 1823 Dixerat.
324 1761 386 1830 At,
391 1762 506 1845 genitor
519 1762 630 1825 circum
643 1776 735 1845 eaput
748 1782 836 1825 omne
854 1763 997 1826 micantes
1072 1784 1077 1791 ·

151 1856 301 1943 Deposuit
314 1858 429 1938 radios23
451 1860 630 1943 propiusque
645 1859 788 1922 accedere
798 1858 902 1943 ‘pissitr
1082 1861 1127 1923 40

152 1956 366 2043 Amplexuque
381 1957 461 2035 dato,
477 1956 526 2041 ‘N
528 1978 563 2019 eo
577 1970 609 2020 tu
623 1977 709 2019 meus
723 1977 789 2019 esse
803 1956 904 2039 negari

153 2048 268 2135 Dignus
283 2075 334 2132 es;
356 2069 388 2118 et
402 2054 553 2138 Clymene
568 2052 677 2131 veros,’
691 2054 741 2130 ait,
757 2052 868 2115 ‘edidit
881 2065 972 2116 orms.

151 2147 285 2233 Quoque
300 2151 396 2214 minirs
410 2151 545 2228 dubites3
568 2150 692 2235 quodvis
706 2163 776 2235 pete
789 2170 915 2213 munus:
936 2149 1069 2229 utillud,

150 2244 205 2307 Me
220 2248 377 2325 tribuente,
393 2247 479 2311 seras.
522 2240 679 2311 Promissis
692 2247 775 2310 testis
789 2247 892 2311 adesto

151 2340 209 2406 Dis
224 2343 350 2429 juranda
365 2346 460 2429 palus,
475 2346 567 2409 oculis
581 2344 870 2427 incognitanostris?
899 2400 903 2407 .
1083 2344 1126 2408 45
1163 2341 1171 2351 ’

36 2488 38 2492 .
152 2436 215 2503 Vix
229 2442 307 2503 bene
322 2442 464 2505 desierat:
487 2462 589 2505 curnis
603 2455 687 2525 rogat
699 2442 750 2503 ille
765 2453 912 2525 paternos,

151 2534 247 2619 Inque
263 2537 342 2601 diem
358 2539 506 2623 alipedum
518 2537 567 2624 jus
582 2551 612 2601 et
627 2538 817 2620 moderamen
832 2559 986 2624 equomm.

150 2632 297 2697 Poenituit
306 2634 421 2719 jurdsse
436 2650 561 2718 patrem.
606 2633 670 2708 Qui
678 2632 787 2719 'terque
803 2649 963 2721 quaterque

31 2814 33 2819 Ι
152 2728 336 2793 Concutiens
350 2732 460 2794 illustre
474 2745 575 2816 caput,
591 2731 803 2809 ‘Temeraria’
819 2732 905 2810 dixit,

151 2825 247 2889 ‘Vox
261 2848 330 2890 mea
344 2828 422 2891 lacta
434 2828 488 2893 tuit
501 2842 557 2891 est.
602 2827 726 2891 Utinam
740 2829 883 2912 promissa
897 2829 999 2892 liceret
1083 2832 1127 2893 50

31 2936 33 2969 5
151 2920 221 2986 Non
238 2924 325 2986 dare!
348 2922 502 2988 Confiteor
515 2926 611 2987 solum
624 2926 682 2989 hoc
696 2925 759 3001 tibi,
774 2938 854 3002 nate,
868 2945 1019 3007 negarem.

151 3019 333 3083 Dissuadere
346 3022 426 3099 licet.
471 3020 540 3084 Non
556 3035 601 3083 est
614 3036 667 3084 tua
680 3034 744 3083 tuta
758 3021 903 3083 voluntas.

32 3106 36 3125 ”
151 3114 266 3198 Magna
280 3119 367 3201 petis,
381 3118 553 3195 Phaethon,
568 3132 598 3181 et
612 3140 678 3203 que
692 3140 748 3181 uec
763 3118 872 3182 viribus
886 3118 948 3181 istis

56 3255 58 3261 ·
151 3210 281 3275 Munera
294 3216 482 3293 conveniant,
497 3236 553 3277 nco
568 3228 628 3279 tam
644 3216 804 3299 puerilibus
820 3216 913 3289 annis,

150 3308 222 3371 Sors
237 3324 288 3371 tua
309 3312 455 3375 mortalis:
478 3333 538 3375 non
553 3326 599 3375 est
612 3313 737 3391 mortale
752 3309 831 3400 quod
844 3327 942 3397 optas.
1084 3318 1127 3379 55

55 3412 58 3417 '
143 3404 226 3491 'Plus
241 3408 340 3484 etiam,
357 3409 446 3492 quim
460 3409 540 3495 quod
555 3410 668 3493 superis
681 3409 852 3491 contingere
867 3410 911 3472 las
924 3410 973 3489 sit,

151 3500 281 3565 Nescius
296 3504 427 3569 affectas.
471 3505 595 3569 Placeat
609 3506 663 3569 sibi
679 3507 802 3592 quisque
816 3507 934 3586 licebit3
