2634 4259
550 363 657 425 LIBER
679 363 726 415 xt.
780 358 791 370 ⁸
812 384 816 389 ·
1057 359 1118 421 107

148 510 229 576 Huic
243 532 314 575 cum
326 509 496 597 pignoribus
512 512 627 591 domus,
642 528 673 577 et
688 512 766 598 quod
781 514 888 597 cuique
902 512 1037 577 relictum
1050 526 1107 575 est.
1161 515 1165 521 “

149 608 306 693 Halcyone
321 608 428 692 Ce'yca
440 624 557 674 movet:
581 610 694 695 Ceycis
708 612 738 673 in
749 632 800 673 ore
1057 612 1115 673 181

149 706 239 769 Nulla
253 707 308 777 nisi
322 704 480 788 Halcyone
495 720 556 770 est:
579 708 704 785 et,ci1m
719 706 864 769 desideret
878 728 978 783 unam,

132 790 269 866 'Gaudet
282 803 385 867 abesse
400 816 510 867 tamen.
554 803 660 867 Patriae
676 824 793 887 quoque
808 803 897 865 vellet
912 803 949 864 ad
967 823 1033 865 oras

148 898 323 983 Respicere,
337 900 426 984 inque
441 900 562 963 domum
575 921 729 983 supremos
744 912 858 963 vertere
873 899 980 961 vultus.

149 994 263 1057 Verirm
278 997 328 1058 ubi
342 997 378 1060 sit
391 997 496 1059 nescit.
539 996 640 1059 Tanta
654 996 797 1078 vertigine
812 1008 920 1079 pontus
1057 994 1118 1057 185

148 1089 276 1155 Fervet:
299 1106 330 1155 et
343 1092 464 1155 inducti
478 1093 569 1176 piceis
584 1113 601 1153 e
615 1092 741 1155 nubibus
759 1090 864 1153 umbri

146 1188 247 1251 Omne
261 1189 333 1251 latet
347 1190 474 1261 coelum:
497 1188 702 1272 duplicataque
716 1188 809 1250 noctis
823 1188 920 1269 imago
933 1199 989 1249 est.

189 1283 348 1366 Frangitur
361 1285 478 1349 incursu
491 1285 616 1347 nimbosi
630 1284 752 1346 turbinis
766 1284 868 1345 arbos:

147 1377 305 1461 Frangitur
318 1394 349 1443 et
361 1382 506 1463 regimen:
528 1381 687 1464 spoliisque
701 1380 832 1443 animosa
845 1392 1013 1462 superstans

147 1473 248 1553 Unda,
264 1476 345 1539 velut
361 1477 474 1554 victrix,
489 1478 616 1539 sinuatae
631 1476 756 1559 despicit
769 1474 873 1537 undas.
911 1487 916 1499 '
1058 1475 1119 1537 190

147 1569 214 1635 Nec
228 1572 333 1649 levitis,
348 1574 435 1656 quim
451 1574 475 1636 si
491 1573 555 1656 quis
569 1572 684 1648 Athon,
697 1571 877 1648 Pindumve,
891 1570 1023 1633 revulsos

146 1668 227 1731 Sede
241 1668 310 1745 sui,
320 1683 395 1731 totos
410 1669 439 1730 in
454 1682 588 1752 apertum
603 1669 740 1731 everterit
753 1690 862 1753 equor,

147 1763 334 1847 Praecipitate
347 1764 420 1827 ruit:
443 1766 609 1848 pariterque
624 1780 654 1827 et
669 1765 800 1848 pondere
815 1778 846 1827 et
860 1765 921 1827 ictu

147 1858 257 1943 Mergit
271 1861 301 1923 in
315 1862 374 1925 ima
386 1874 496 1923 ratem:
519 1882 588 1924 cnm
601 1860 660 1944 quai
675 1882 741 1944 pars
755 1881 862 1942 magna
876 1861 1005 1922 virorum

32 2012 37 2025 ,
146 1956 271 2040 Gurgite
286 1979 386 2041 pressa
400 1958 599 2040 gravi,neque
614 1957 643 2018 in
658 1960 728 2019 ae‘ra
741 1956 867 2033 reddita,
882 1954 943 2018 fato
1059 1956 1119 2019 195

147 2052 265 2117 Functa
278 2076 331 2117 suo
345 2068 401 2117 est.
445 2054 506 2115 Alii
520 2068 618 2137 partes
633 2067 664 2115 et
678 2052 811 2115 membra
823 2052 929 2115 carinae

145 2149 267 2213 Trunca
280 2164 392 2213 tenent.
436 2150 537 2213 Tenet
551 2151 614 2233 ipse
628 2149 803 2233 manu„quia
817 2162 934 2232 sceptra
947 2148 1070 2229 solebat,

146 2244 306 2329 Fragmina
319 2247 424 2329 navigii
439 2246 542 2330 Ce'yx,
557 2268 751 2331 socerumque
766 2261 939 2330 patremque

146 2342 269 2406 Invocat
286 2341 360 2428 (beu
370 2342 394 2428 l)
410 2342 524 2405 srustrit.
568 2342 630 2404 Sed
643 2342 770 2425 plurima
782 2342 878 2405 nantis
892 2344 922 2405 in
940 2364 991 2406 ore

146 2437 304 2523 Halcyone
318 2439 439 2523 conjux.
482 2438 567 2501 Illam
581 2439 773 2522 meminitque
787 2438 953 2523 refertque:
1055 2437 1121 2501 200

146 2535 228 2597 Illius
243 2549 311 2597 ante
326 2536 426 2598 oculos
440 2547 474 2597 ut
487 2549 575 2617 agant
589 2556 642 2597 sua
655 2556 781 2618 corpora
794 2535 912 2613 fluctus,

146 2632 260 2715 Optat3
282 2645 313 2694 et
327 2632 469 2695 exanimis
484 2632 617 2695 manibus
631 2632 792 2694 tumuletur
806 2633 918 2696 amicis.

147 2728 230 2791 Dum
246 2741 344 2805 natat3
365 2728 527 2806 absentem,
542 2730 656 2812 quoties
670 2728 742 2791 sinit
752 2728 866 2793 hiscere
880 2729 998 2807 fluctus,
1015 2718 1020 2725 ⁴

147 2824 290 2887 Nominat
305 2824 490 2907 Halcyonen,
504 2826 633 2910 ipsisque
647 2827 849 2889 immurmurat
863 2828 958 2890 undis.

148 2921 231 2985 Ecce
246 2942 336 3005 super
347 2922 461 2984 medios
474 2921 581 2984 fluctus
594 2923 679 3003 niger
692 2943 777 2983 arcus
787 2943 929 3004 aquarum
1055 2925 1118 2987 205

148 3020 322 3105 Frangitur:
345 3034 375 3083 et
389 3020 477 3103 rupti
489 3040 618 3083 mersum
631 3034 723 3103 caput
736 3019 831 3082 obruit
845 3020 935 3083 undis.

148 3117 270 3182 Lucifer
283 3119 435 3194 obscurus,
448 3138 505 3179 nec
520 3138 608 3203 quem
622 3138 800 3199 cognoscere
815 3140 927 3201 posses,

149 3215 204 3278 Illi
219 3229 306 3277 nocte
320 3214 391 3278 tut:
414 3215 610 3300 quoniamque
625 3215 772 3278 excedere
787 3215 922 3301 Olympo

150 3311 220 3374 Non
235 3311 326 3388 licuit,
342 3312 438 3374 densis
452 3312 528 3375 texit
542 3332 595 3373 sua
607 3311 732 3375 nubibus
746 3334 808 3375 ora.

192 3408 289 3471 AEolis
303 3409 413 3471 interea
426 3422 572 3471 tantorum
586 3409 686 3491 ignara
702 3410 846 3473 malorum
1056 3413 1120 3477 210

150 3504 328 3568 Dinumeret
341 3519 461 3568 noctes:
485 3504 598 3590 etjam,
613 3527 685 3591 quas
699 3508 800 3569 induat
815 3508 864 3570 ille
