2634 4259
556 402 640 472 mx,
662 404 805 459 mrem.

234 544 350 637 irriguae
366 556 480 618 dabitur
494 575 552 643 non
567 558 639 620 mihi
653 558 752 619 suleus
771 576 864 639 aquoe.

194 652 237 715 At
249 653 318 714 erim
334 658 460 715 matura's
475 654 542 715 fisso
555 676 632 717 nova
645 654 754 716 cortice
766 653 857 718 rimas

222 748 308 811 -Nux
322 750 400 831 agit;
422 750 458 812 ad
473 765 571 835 paries
587 752 698 834 pertica
711 771 788 813 seva
804 749 894 811 venit.

193 844 311 908 Partica
325 847 376 908 dat
391 848 483 929 plenis
500 848 626 931 immitia.
637 848 759 909 vulnera
773 846 878 923 ramis3

182 982 192 1001 .
236 942 284 1004 Ne
300 943 410 1026 possim
424 943 555 1025 lapidum
570 945 694 1006 verbera
707 943 770 1006 sola
785 942 878 1026 queri.

194 1036 290 1113 Poma
303 1040 422 1115 eadunt,
436 1040 544 1101 mensis
558 1062 616 1105 non
631 1040 784 1105 interdicta
799 1037 936 1101 secundis
944 1058 954 1115 ;

237 1134 279 1197 Et
292 1136 393 1197 condis
409 1136 510 1212 lectas,
525 1158 614 1217 parea
632 1136 748 1212 colona,
762 1124 864 1199 nuces.

194 1230 294 1308 Felix,
309 1244 423 1294 secreto
437 1254 501 1315 qua
515 1247 584 1295 nata
599 1248 644 1296 est
658 1233 742 1295 arbor
755 1233 787 1295 in
800 1253 870 1295 arvo
878 1254 888 1310 ς
958 1260 962 1263 ·

237 1328 346 1415 Εῑ-εοῙὶ
361 1328 480 1393 domino
495 1329 568 1391 serre
583 1331 692 1407 tributa
706 1330 823 1412 potest!
1029 1391 1033 1395 .
1120 1332 1165 1398 '¹0

195 1422 265 1485 Non
277 1425 433 1487 -hominum
447 1428 584 1507 strepitus
600 1426 691 1502 audit,
706 1447 765 1487 nen
780 1426 829 1487 ilia
848 1438 993 1495 rotarum:

237 1519 267 1582 N
269 1543 307 1582 on
322 1540 340 1583 a
354 1518 450 1585 vicini
463 1523 668 1605 pulverulenta
683 1521 731 1595 via
744 1533 800 1584 est.

196 1615 251 1679 Illa
265 1638 329 1694 sue,
342 1606 526 1702 *quaeeunque
541 1619 617 1696 tulit,
632 1618 701 1680 dare
717 1618 794 1680 dona
807 1618 924 1695 colono,

224 1758 227 1763 ,
239 1712 280 1775 Et
294 1714 520 1797 plenosfinetus
534 1716 726 1777 adnumerare
741 1727 848 1797 potest.

197 1810 240 1872 At
253 1811 324 1871 mihi
339 1822 466 1873 maturos
481 1834 629 1895 nunquam
645 1812 715 1873 lieet
730 1807 818 1873 edere
833 1809 940 1887 soetu83
1123 1810 1166 1873 75

241 1906 323 1967 Ante
336 1894 474 1989 diemque
490 1928 562 1969 meae
579 1906 766 1977 decutiuntur
783 1927 867 1989 opes.

198 2001 323 2065 Lamina
337 2002 432 2063 mollis
446 2002 543 2063 adhuc
557 2016 659 2065 tenero
674 2003 744 2063 dum
759 2002 846 2078 lacte,
861 1998 940 2084 quod
954 1998 1031 2071 intre
1044 2013 1089 2065 est
1097 2020 1108 2079 ;

209 2146 210 2151 η
224 2147 227 2151 .
241 2096 309 2160 Nee
321 2098 399 2159 maia
414 2111 482 2161 sunt
496 2098 547 2161 ulli
561 2112 660 2161 nostra
673 2098 771 2159 futura
783 2098 879 2160 bono:

176 2192 179 2195 ’
198 2192 268 2255 Jam
282 2207 381 2255 tamen
397 2194 539 2271 invenias,
556 2194 604 2277 qui
619 2216 669 2257 me
678 2192 855 2277 jaculentur,
871 2205 902 2255 et
915 2191 976 2255 ictu

241 2289 443 2354 Praesestinato
456 2313 563 2353 munus
578 2292 666 2353 inane
681 2302 796 2373 petant.
1124 2288 1168 2352 α)

179 2428 183 2437 -
201 2386 233 2447 Si
248 2387 297 2448 fiat
312 2393 400 2467 rapti,
414 2387 463 2447 fiat
477 2406 612 2447 mensura
626 2386 729 2461 relicti,

242 2480 389 2565 Majorem
404 2480 513 2542 domini
527 2494 620 2564 parte,
636 2482 738 2557 viator,
753 2482 853 2543 habes.

202 2568 287 2659 Saepe
302 2578 415 2660 aliquis,
430 2575 504 2643 soliis
518 2590 551 2640 ut
564 2578 642 2641 nuda
658 2579 812 2640 cacumina
826 2578 909 2654 vidit,

244 2672 319 2735 Esse
337 2686 421 2756 putat
435 2673 540 2735 Boreae
556 2675 635 2737 triste
650 2674 771 2737 furentis
784 2671 870 2757 opus.

204 2768 333 2831 AEstibus
348 2768 406 2846 hic‘,
421 2769 469 2832 hie
483 2790 532 2831 me
546 2770 700 2852 spoliatam
713 2770 940 2852 fiigorecredit:
1126 2772 1169 2833 85

248 2864 303 2927 Est
319 2886 446 2949 quoque,
461 2866 510 2947 qui
523 2866 634 2930 crimen
648 2867 794 2946 grandinis
808 2885 873 2927 esse
887 2878 982 2948 putet.

203 2961 246 3024 At
259 2962 330 3023 mihi
345 2982 401 3023 nee
417 2962 536 3041 grande,
552 2961 629 3021 duris
644 2962 736 3021 in'visa
748 2961 871 3036 colonis,

246 3058 311 3120 Nee
327 3073 430 3119 ventus
445 3056 550 3132 fraudi,
564 3057 658 3132 solve,
674 3057 781 3137 geluve
795 3056 859 3118 suit.

205 3153 445 3217 Fructus’obest:
468 3153 617 3236 peperisse
633 3166 735 3215 nocet:
758 3166 846 3215 nocet
860 3173 925 3213 esse
940 3151 1084 3215 feracem:
1126 3171 1133 3185 ·

246 3249 383 3333 Quaque
399 3250 452 3311 suit
466 3250 574 3329 multis,
589 3265 619 3312 et
634 3250 705 3314 mihi
720 3251 817 3333 praeda
830 3250 909 3313 maio
924 3262 980 3311 est.
1129 3252 1172 3312 90
1196 3275 1200 3281 ’

204 3347 309 3409 Praeda
322 3347 411 3422 malo,
426 3345 586 3429 P'olydore,
603 3346 654 3409 suit
669 3347 737 3409 tibi:
761 3347 859 3429 praeda
873 3345 1004 3409 nefande

247 3442 390 3525 Conjugis
407 3443 536 3504 Aonium
552 3444 628 3505 misit
641 3445 672 3505 in
685 3444 767 3505 aima
780 3443 885 3505 virum.

92 3544 99 3558 '
206 3534 343 3622 Hesperii
359 3540 436 3619 regis
451 3541 580 3622 pomaria
596 3554 657 3602 ruta
673 3540 810 3602 fuissent:

248 3634 319 3699 Una
333 3635 385 3696 sed
400 3635 556 3699 immensas
570 3637 654 3699 arbor
668 3637 795 3701 habebat
810 3658 892 3720 opes.

373 3738 385 3765 ,
515 3734 518 3743 .
