<?xml version="1.0" encoding="UTF-8"?>
<!DOCTYPE html PUBLIC "-//W3C//DTD XHTML 1.0 Transitional//EN"
    "http://www.w3.org/TR/xhtml1/DTD/xhtml1-transitional.dtd">
<html xmlns="http://www.w3.org/1999/xhtml" xml:lang="en" lang="en">
 <head>
  <title>
</title>
<meta http-equiv="Content-Type" content="text/html;charset=utf-8" />
  <meta name='ocr-system' content='tesseract 3.04.00' />
  <meta name='ocr-capabilities' content='ocr_page ocr_carea ocr_par ocr_line ocrx_word'/>
</head>
<body>
  <div class='ocr_page' id='page_1' title='image "./excerptaexscrip01goulgoog_0036.png"; bbox 0 0 2634 4259; ppageno 0'>
   <div class='ocr_carea' id='block_1_1' title="bbox 500 329 851 401">
    <p class='ocr_par' dir='ltr' id='par_1_1' title="bbox 500 329 851 401">
     <span class='ocr_line' id='line_1_1' title="bbox 500 329 851 401; baseline 0 0"><span class='ocrx_word' id='word_1_1' title='bbox 500 329 851 401; x_wconf 77' lang='lat' dir='ltr'>narnnonsnosnon</span> 
     </span>
    </p>
   </div>
   <div class='ocr_carea' id='block_1_2' title="bbox 458 537 778 696">
    <p class='ocr_par' dir='ltr' id='par_1_2' title="bbox 458 537 778 696">
     <span class='ocr_line' id='line_1_2' title="bbox 458 537 778 696; baseline 0.003 -38"><span class='ocrx_word' id='word_1_2' title='bbox 458 550 461 558; x_wconf 55' lang='lat'>&#39;</span> <span class='ocrx_word' id='word_1_3' title='bbox 567 537 714 696; x_wconf 71' lang='lat' dir='ltr'>arnna</span> <span class='ocrx_word' id='word_1_4' title='bbox 735 596 778 661; x_wconf 87' lang='lat'>11.</span> 
     </span>
    </p>
   </div>
   <div class='ocr_carea' id='block_1_3' title="bbox 257 782 967 1062">
    <p class='ocr_par' dir='ltr' id='par_1_3' title="bbox 257 782 967 1062">
     <span class='ocr_line' id='line_1_3' title="bbox 257 782 967 869; baseline 0.006 -3"><span class='ocrx_word' id='word_1_5' title='bbox 257 782 261 791; x_wconf 39' lang='lat'><em>¹</em></span> <span class='ocrx_word' id='word_1_6' title='bbox 343 848 350 863; x_wconf 88' lang='lat'>.</span> <span class='ocrx_word' id='word_1_7' title='bbox 498 821 850 869; x_wconf 70' lang='lat' dir='ltr'>manassis-noss-</span> <span class='ocrx_word' id='word_1_8' title='bbox 961 787 967 791; x_wconf 34' lang='lat'>¹</span> 
     </span>
     <span class='ocr_line' id='line_1_4' title="bbox 637 1003 715 1062; baseline 0 -1"><span class='ocrx_word' id='word_1_9' title='bbox 637 1020 667 1061; x_wconf 89' lang='lat' dir='ltr'>v.</span> <span class='ocrx_word' id='word_1_10' title='bbox 685 1003 715 1062; x_wconf 88' lang='lat' dir='ltr'>l.</span> 
     </span>
    </p>
   </div>
   <div class='ocr_carea' id='block_1_4' title="bbox 18 1178 1237 3592">
    <p class='ocr_par' dir='ltr' id='par_1_4' title="bbox 18 1178 1237 3592">
     <span class='ocr_line' id='line_1_5' title="bbox 184 1178 885 1263; baseline 0.001 -20"><span class='ocrx_word' id='word_1_11' title='bbox 184 1178 284 1263; x_wconf 89' lang='lat' dir='ltr'>Regia</span> <span class='ocrx_word' id='word_1_12' title='bbox 298 1179 376 1243; x_wconf 88' lang='lat' dir='ltr'>Solis</span> <span class='ocrx_word' id='word_1_13' title='bbox 391 1194 454 1243; x_wconf 90' lang='lat' dir='ltr'>erat</span> <span class='ocrx_word' id='word_1_14' title='bbox 468 1180 640 1243; x_wconf 79' lang='lat' dir='ltr'>sublimibus</span> <span class='ocrx_word' id='word_1_15' title='bbox 654 1181 719 1243; x_wconf 85' lang='lat' dir='ltr'>alta¹</span> <span class='ocrx_word' id='word_1_16' title='bbox 729 1182 885 1259; x_wconf 86' lang='lat' dir='ltr'>columnis,</span> 
     </span>
     <span class='ocr_line' id='line_1_6' title="bbox 184 1276 1047 1363; baseline 0 -22"><span class='ocrx_word' id='word_1_17' title='bbox 184 1276 275 1341; x_wconf 88' lang='lat' dir='ltr'>Clara</span> <span class='ocrx_word' id='word_1_18' title='bbox 290 1277 418 1341; x_wconf 84' lang='lat' dir='ltr'>micante</span> <span class='ocrx_word' id='word_1_19' title='bbox 432 1298 517 1355; x_wconf 76' lang='lat' dir='ltr'>auro,</span> <span class='ocrx_word' id='word_1_20' title='bbox 529 1276 724 1362; x_wconf 87' lang='lat' dir='ltr'>flammasque</span> <span class='ocrx_word' id='word_1_21' title='bbox 738 1278 873 1341; x_wconf 80' lang='lat' dir='ltr'><strong>imitante</strong></span> <span class='ocrx_word' id='word_1_22' title='bbox 885 1300 1020 1363; x_wconf 89' lang='lat' dir='ltr'>pyropo:</span> <span class='ocrx_word' id='word_1_23' title='bbox 1042 1347 1047 1350; x_wconf 85' lang='lat'><em>.</em></span> 
     </span>
     <span class='ocr_line' id='line_1_7' title="bbox 184 1372 918 1458; baseline 0.003 -22"><span class='ocrx_word' id='word_1_24' title='bbox 184 1372 283 1458; x_wconf 88' lang='lat' dir='ltr'>Cujus</span> <span class='ocrx_word' id='word_1_25' title='bbox 297 1374 371 1436; x_wconf 91' lang='lat' dir='ltr'>ebur</span> <span class='ocrx_word' id='word_1_26' title='bbox 384 1374 509 1437; x_wconf 89' lang='lat' dir='ltr'>nitidum</span> <span class='ocrx_word' id='word_1_27' title='bbox 524 1373 638 1457; x_wconf 88' lang='lat' dir='ltr'>fastigia</span> <span class='ocrx_word' id='word_1_28' title='bbox 651 1396 768 1456; x_wconf 86' lang='lat' dir='ltr'>summa</span> <span class='ocrx_word' id='word_1_29' title='bbox 781 1374 918 1438; x_wconf 88' lang='lat' dir='ltr'>tenebat:</span> 
     </span>
     <span class='ocr_line' id='line_1_8' title="bbox 177 1470 844 1553; baseline 0.003 -20"><span class='ocrx_word' id='word_1_30' title='bbox 177 1470 312 1553; x_wconf 67' lang='lat' dir='ltr'>Argenti</span> <span class='ocrx_word' id='word_1_31' title='bbox 326 1470 434 1535; x_wconf 83' lang='lat' dir='ltr'>bifores</span> <span class='ocrx_word' id='word_1_32' title='bbox 447 1471 599 1535; x_wconf 77' lang='lat' dir='ltr'>radiabant</span> <span class='ocrx_word' id='word_1_33' title='bbox 613 1472 725 1535; x_wconf 88' lang='lat' dir='ltr'>lumine</span> <span class='ocrx_word' id='word_1_34' title='bbox 740 1472 844 1535; x_wconf 78' lang='lat' dir='ltr'>valva.</span> 
     </span>
     <span class='ocr_line' id='line_1_9' title="bbox 83 1566 1164 1655; baseline 0.005 -24"><span class='ocrx_word' id='word_1_35' title='bbox 83 1593 85 1597; x_wconf 53' lang='lat'><strong><em>¹</em></strong></span> <span class='ocrx_word' id='word_1_36' title='bbox 184 1566 344 1632; x_wconf 83' lang='lat' dir='ltr'>Materiam</span> <span class='ocrx_word' id='word_1_37' title='bbox 358 1570 516 1655; x_wconf 86' lang='lat' dir='ltr'>superabat</span> <span class='ocrx_word' id='word_1_38' title='bbox 529 1586 616 1653; x_wconf 87' lang='lat' dir='ltr'>opus,</span> <span class='ocrx_word' id='word_1_39' title='bbox 630 1592 701 1633; x_wconf 91' lang='lat' dir='ltr'>nam</span> <span class='ocrx_word' id='word_1_40' title='bbox 715 1569 866 1633; x_wconf 81' lang='lat' dir='ltr'>Mulciber</span> <span class='ocrx_word' id='word_1_41' title='bbox 879 1571 941 1635; x_wconf 88' lang='lat' dir='ltr'>illic</span> <span class='ocrx_word' id='word_1_42' title='bbox 1142 1575 1164 1636; x_wconf 87' lang='lat'><strong>5</strong></span> 
     </span>
     <span class='ocr_line' id='line_1_10' title="bbox 183 1665 1125 1750; baseline 0.002 -22"><span class='ocrx_word' id='word_1_43' title='bbox 183 1665 318 1750; x_wconf 83' lang='lat' dir='ltr'>AEquora</span> <span class='ocrx_word' id='word_1_44' title='bbox 332 1666 460 1745; x_wconf 69' lang='lat' dir='ltr'>celarat,</span> <span class='ocrx_word' id='word_1_45' title='bbox 474 1666 587 1729; x_wconf 85' lang='lat' dir='ltr'>medias</span> <span class='ocrx_word' id='word_1_46' title='bbox 601 1666 749 1750; x_wconf 83' lang='lat' dir='ltr'>cingentia</span> <span class='ocrx_word' id='word_1_47' title='bbox 765 1681 867 1745; x_wconf 84' lang='lat' dir='ltr'>terras,</span> <span class='ocrx_word' id='word_1_48' title='bbox 1121 1736 1125 1745; x_wconf 30' lang='lat'><em>¹</em></span> 
     </span>
     <span class='ocr_line' id='line_1_11' title="bbox 183 1748 1237 1849; baseline 0.004 -24"><span class='ocrx_word' id='word_1_49' title='bbox 183 1762 405 1849; x_wconf 81' lang='lat' dir='ltr'>Terrarumque</span> <span class='ocrx_word' id='word_1_50' title='bbox 419 1764 533 1842; x_wconf 88' lang='lat' dir='ltr'>orbem,</span> <span class='ocrx_word' id='word_1_51' title='bbox 547 1764 731 1847; x_wconf 84' lang='lat' dir='ltr'>eoelumque,</span> <span class='ocrx_word' id='word_1_52' title='bbox 747 1766 826 1849; x_wconf 90' lang='lat' dir='ltr'>quod</span> <span class='ocrx_word' id='word_1_53' title='bbox 840 1765 974 1833; x_wconf 73' lang='lat' dir='ltr'>imminet</span> <span class='ocrx_word' id='word_1_54' title='bbox 987 1766 1062 1829; x_wconf 90' lang='lat' dir='ltr'>orbi.</span> <span class='ocrx_word' id='word_1_55' title='bbox 1222 1748 1237 1767; x_wconf 65' lang='lat'>„</span> 
     </span>
     <span class='ocr_line' id='line_1_12' title="bbox 137 1858 948 1941; baseline -0.005 -12"><span class='ocrx_word' id='word_1_56' title='bbox 137 1917 144 1929; x_wconf 92' lang='grc'><strong>.</strong></span> <span class='ocrx_word' id='word_1_57' title='bbox 183 1858 336 1925; x_wconf 74' lang='lat' dir='ltr'>Caeruleos</span> <span class='ocrx_word' id='word_1_58' title='bbox 350 1862 441 1925; x_wconf 91' lang='lat' dir='ltr'>habet</span> <span class='ocrx_word' id='word_1_59' title='bbox 454 1862 535 1925; x_wconf 89' lang='lat' dir='ltr'>unda</span> <span class='ocrx_word' id='word_1_60' title='bbox 546 1861 636 1939; x_wconf 82' lang='lat' dir='ltr'>deos3</span> <span class='ocrx_word' id='word_1_61' title='bbox 658 1861 784 1925; x_wconf 84' lang='lat' dir='ltr'>Tritona</span> <span class='ocrx_word' id='word_1_62' title='bbox 796 1884 948 1941; x_wconf 87' lang='lat' dir='ltr'>canorum,</span> 
     </span>
     <span class='ocr_line' id='line_1_13' title="bbox 182 1956 1002 2043; baseline 0.005 -24"><span class='ocrx_word' id='word_1_63' title='bbox 182 1956 352 2043; x_wconf 85' lang='lat' dir='ltr'>Proteaque</span> <span class='ocrx_word' id='word_1_64' title='bbox 368 1959 550 2043; x_wconf 84' lang='lat' dir='ltr'>ambiguum,</span> <span class='ocrx_word' id='word_1_65' title='bbox 564 1960 802 2043; x_wconf 79' lang='lat' dir='ltr'>balaenarumque</span> <span class='ocrx_word' id='word_1_66' title='bbox 816 1973 1002 2043; x_wconf 86' lang='lat' dir='ltr'>prementem</span> 
     </span>
     <span class='ocr_line' id='line_1_14' title="bbox 181 2053 1163 2137; baseline 0.006 -21"><span class='ocrx_word' id='word_1_67' title='bbox 181 2053 326 2136; x_wconf 80' lang='lat' dir='ltr'>AEgaeona</span> <span class='ocrx_word' id='word_1_68' title='bbox 340 2054 400 2117; x_wconf 89' lang='lat' dir='ltr'>suis</span> <span class='ocrx_word' id='word_1_69' title='bbox 415 2055 555 2119; x_wconf 88' lang='lat' dir='ltr'>immania</span> <span class='ocrx_word' id='word_1_70' title='bbox 568 2056 791 2137; x_wconf 82' lang='lat' dir='ltr'>terga-lacertis,</span> <span class='ocrx_word' id='word_1_71' title='bbox 1122 2060 1163 2122; x_wconf 88' lang='grc'>10</span> 
     </span>
     <span class='ocr_line' id='line_1_15' title="bbox 182 2148 1004 2235; baseline 0.006 -23"><span class='ocrx_word' id='word_1_72' title='bbox 182 2148 367 2235; x_wconf 87' lang='lat' dir='ltr'>Doridaque,</span> <span class='ocrx_word' id='word_1_73' title='bbox 382 2164 413 2213; x_wconf 89' lang='lat' dir='ltr'>et</span> <span class='ocrx_word' id='word_1_74' title='bbox 427 2165 510 2213; x_wconf 88' lang='lat' dir='ltr'>natas</span> <span class='ocrx_word' id='word_1_75' title='bbox 520 2172 541 2229; x_wconf 57' lang='grc' dir='ltr'>ε,</span> <span class='ocrx_word' id='word_1_76' title='bbox 552 2172 675 2233; x_wconf 88' lang='lat' dir='ltr'>quarum</span> <span class='ocrx_word' id='word_1_77' title='bbox 690 2172 758 2233; x_wconf 88' lang='lat' dir='ltr'>pars</span> <span class='ocrx_word' id='word_1_78' title='bbox 772 2172 843 2214; x_wconf 89' lang='lat' dir='ltr'>nare</span> <span class='ocrx_word' id='word_1_79' title='bbox 858 2152 1004 2233; x_wconf 88' lang='lat' dir='ltr'>videntur,</span> 
     </span>
     <span class='ocr_line' id='line_1_16' title="bbox 181 2246 918 2332; baseline 0.003 -21"><span class='ocrx_word' id='word_1_80' title='bbox 181 2246 255 2315; x_wconf 81' lang='lat' dir='ltr'>Pars</span> <span class='ocrx_word' id='word_1_81' title='bbox 270 2248 300 2310; x_wconf 92' lang='lat' dir='ltr'>in</span> <span class='ocrx_word' id='word_1_82' title='bbox 314 2248 393 2310; x_wconf 91' lang='lat' dir='ltr'>mole</span> <span class='ocrx_word' id='word_1_83' title='bbox 408 2248 515 2310; x_wconf 88' lang='lat' dir='ltr'>sedens</span> <span class='ocrx_word' id='word_1_84' title='bbox 530 2247 636 2309; x_wconf 86' lang='lat' dir='ltr'>virides</span> <span class='ocrx_word' id='word_1_85' title='bbox 651 2248 765 2311; x_wconf 89' lang='lat' dir='ltr'>siccare</span> <span class='ocrx_word' id='word_1_86' title='bbox 776 2250 918 2332; x_wconf 89' lang='lat' dir='ltr'>capillos;</span> 
     </span>
     <span class='ocr_line' id='line_1_17' title="bbox 180 2343 980 2429; baseline 0.005 -23"><span class='ocrx_word' id='word_1_87' title='bbox 180 2343 269 2407; x_wconf 88' lang='lat' dir='ltr'>Pisce</span> <span class='ocrx_word' id='word_1_88' title='bbox 285 2344 354 2406; x_wconf 92' lang='lat' dir='ltr'>vehi</span> <span class='ocrx_word' id='word_1_89' title='bbox 370 2344 514 2429; x_wconf 81' lang='lat' dir='ltr'>quadam.</span> <span class='ocrx_word' id='word_1_90' title='bbox 559 2343 587 2407; x_wconf 88' lang='lat' dir='ltr'><strong>F</strong></span> <span class='ocrx_word' id='word_1_91' title='bbox 589 2344 668 2407; x_wconf 89' lang='lat' dir='ltr'>acies</span> <span class='ocrx_word' id='word_1_92' title='bbox 682 2367 743 2410; x_wconf 87' lang='lat' dir='ltr'>uon</span> <span class='ocrx_word' id='word_1_93' title='bbox 757 2347 894 2409; x_wconf 82' lang='lat' dir='ltr'>erunibus</span> <span class='ocrx_word' id='word_1_94' title='bbox 908 2370 980 2425; x_wconf 88' lang='lat' dir='ltr'>una,</span> 
     </span>
     <span class='ocr_line' id='line_1_18' title="bbox 180 2439 996 2526; baseline 0.006 -24"><span class='ocrx_word' id='word_1_95' title='bbox 180 2439 249 2521; x_wconf 78' lang='lat' dir='ltr'>Nec</span> <span class='ocrx_word' id='word_1_96' title='bbox 264 2441 380 2503; x_wconf 87' lang='lat' dir='ltr'>diversa</span> <span class='ocrx_word' id='word_1_97' title='bbox 393 2455 511 2505; x_wconf 86' lang='lat' dir='ltr'>tamen:</span> <span class='ocrx_word' id='word_1_98' title='bbox 536 2442 654 2526; x_wconf 88' lang='lat' dir='ltr'>qualem</span> <span class='ocrx_word' id='word_1_99' title='bbox 670 2442 758 2505; x_wconf 90' lang='lat' dir='ltr'>decet</span> <span class='ocrx_word' id='word_1_100' title='bbox 772 2464 837 2506; x_wconf 88' lang='lat' dir='ltr'>esse</span> <span class='ocrx_word' id='word_1_101' title='bbox 852 2466 996 2507; x_wconf 85' lang='lat' dir='ltr'>sororum.</span> 
     </span>
     <span class='ocr_line' id='line_1_19' title="bbox 179 2532 1103 2626; baseline 0.005 -27"><span class='ocrx_word' id='word_1_102' title='bbox 179 2536 276 2600; x_wconf 86' lang='lat' dir='ltr'>Terra</span> <span class='ocrx_word' id='word_1_103' title='bbox 292 2539 383 2626; x_wconf 80' lang='lat' dir='ltr'>viros,</span> <span class='ocrx_word' id='word_1_104' title='bbox 393 2538 540 2622; x_wconf 89' lang='lat' dir='ltr'>urbesque</span> <span class='ocrx_word' id='word_1_105' title='bbox 556 2532 643 2621; x_wconf 80' lang='lat' dir='ltr'>gerit,</span> <span class='ocrx_word' id='word_1_106' title='bbox 656 2539 814 2623; x_wconf 85' lang='lat' dir='ltr'>silvasque,</span> <span class='ocrx_word' id='word_1_107' title='bbox 829 2540 975 2625; x_wconf 84' lang='lat' dir='ltr'>ferasque,</span> <span class='ocrx_word' id='word_1_108' title='bbox 1099 2613 1103 2618; x_wconf 47' lang='grc'>,</span> 
     </span>
     <span class='ocr_line' id='line_1_20' title="bbox 178 2633 1200 2721; baseline 0.005 -24"><span class='ocrx_word' id='word_1_109' title='bbox 178 2633 390 2719; x_wconf 86' lang='lat' dir='ltr'>Fluminaque,</span> <span class='ocrx_word' id='word_1_110' title='bbox 406 2649 436 2697; x_wconf 89' lang='lat' dir='ltr'>et</span> <span class='ocrx_word' id='word_1_111' title='bbox 450 2636 609 2719; x_wconf 84' lang='lat' dir='ltr'>nymphas,</span> <span class='ocrx_word' id='word_1_112' title='bbox 624 2648 656 2697; x_wconf 93' lang='lat' dir='ltr'>et</span> <span class='ocrx_word' id='word_1_113' title='bbox 669 2649 776 2702; x_wconf 82' lang='lat' dir='ltr'>catera</span> <span class='ocrx_word' id='word_1_114' title='bbox 789 2637 912 2699; x_wconf 92' lang='lat' dir='ltr'>numina</span> <span class='ocrx_word' id='word_1_115' title='bbox 924 2638 1008 2701; x_wconf 87' lang='lat' dir='ltr'>ruris.</span> <span class='ocrx_word' id='word_1_116' title='bbox 1184 2685 1200 2721; x_wconf 78' lang='grc'>,</span> 
     </span>
     <span class='ocr_line' id='line_1_21' title="bbox 179 2730 937 2816; baseline 0.004 -22"><span class='ocrx_word' id='word_1_117' title='bbox 179 2730 255 2794; x_wconf 79' lang='lat' dir='ltr'>Hac</span> <span class='ocrx_word' id='word_1_118' title='bbox 270 2732 511 2815; x_wconf 89' lang='lat' dir='ltr'>superimposita</span> <span class='ocrx_word' id='word_1_119' title='bbox 525 2745 571 2794; x_wconf 92' lang='lat' dir='ltr'>est</span> <span class='ocrx_word' id='word_1_120' title='bbox 584 2731 654 2794; x_wconf 91' lang='lat' dir='ltr'>coeli</span> <span class='ocrx_word' id='word_1_121' title='bbox 669 2731 809 2813; x_wconf 87' lang='lat' dir='ltr'>fulgentis</span> <span class='ocrx_word' id='word_1_122' title='bbox 821 2734 937 2816; x_wconf 86' lang='lat' dir='ltr'>imago:</span> 
     </span>
     <span class='ocr_line' id='line_1_22' title="bbox 178 2826 1005 2913; baseline 0.004 -21"><span class='ocrx_word' id='word_1_123' title='bbox 178 2827 330 2913; x_wconf 86' lang='lat' dir='ltr'>Signaque</span> <span class='ocrx_word' id='word_1_124' title='bbox 345 2850 399 2892; x_wconf 80' lang='lat' dir='ltr'>sex</span> <span class='ocrx_word' id='word_1_125' title='bbox 414 2826 523 2890; x_wconf 82' lang='lat' dir='ltr'>foribus</span> <span class='ocrx_word' id='word_1_126' title='bbox 538 2828 664 2905; x_wconf 84' lang='lat' dir='ltr'>dextris,</span> <span class='ocrx_word' id='word_1_127' title='bbox 677 2828 859 2913; x_wconf 83' lang='lat' dir='ltr'>totidemque</span> <span class='ocrx_word' id='word_1_128' title='bbox 873 2830 1005 2895; x_wconf 86' lang='lat' dir='ltr'>sinistris.</span> 
     </span>
     <span class='ocr_line' id='line_1_23' title="bbox 221 2922 940 3010; baseline 0.004 -22"><span class='ocrx_word' id='word_1_129' title='bbox 221 2924 295 3002; x_wconf 74' lang='lat' dir='ltr'>Quo</span> <span class='ocrx_word' id='word_1_130' title='bbox 310 2926 396 2989; x_wconf 90' lang='lat' dir='ltr'>simul</span> <span class='ocrx_word' id='word_1_131' title='bbox 411 2924 524 2988; x_wconf 84' lang='lat' dir='ltr'>acclivo</span> <span class='ocrx_word' id='word_1_132' title='bbox 539 2922 721 3008; x_wconf 88' lang='lat' dir='ltr'>Clymeneia</span> <span class='ocrx_word' id='word_1_133' title='bbox 734 2926 827 2989; x_wconf 90' lang='lat' dir='ltr'>limite</span> <span class='ocrx_word' id='word_1_134' title='bbox 842 2929 940 3010; x_wconf 90' lang='lat' dir='ltr'>proles</span> 
     </span>
     <span class='ocr_line' id='line_1_24' title="bbox 179 3020 858 3107; baseline 0.007 -23"><span class='ocrx_word' id='word_1_135' title='bbox 179 3020 282 3099; x_wconf 90' lang='lat' dir='ltr'>Venit,</span> <span class='ocrx_word' id='word_1_136' title='bbox 298 3036 328 3085; x_wconf 89' lang='lat' dir='ltr'>et</span> <span class='ocrx_word' id='word_1_137' title='bbox 343 3023 461 3085; x_wconf 85' lang='lat' dir='ltr'>intravit</span> <span class='ocrx_word' id='word_1_138' title='bbox 475 3022 600 3086; x_wconf 90' lang='lat' dir='ltr'>dubitati</span> <span class='ocrx_word' id='word_1_139' title='bbox 615 3037 695 3086; x_wconf 86' lang='lat' dir='ltr'>tecta</span> <span class='ocrx_word' id='word_1_140' title='bbox 709 3025 841 3107; x_wconf 86' lang='lat' dir='ltr'>parentis</span> <span class='ocrx_word' id='word_1_141' title='bbox 848 3047 858 3103; x_wconf 92' lang='lat'>;</span> 
     </span>
     <span class='ocr_line' id='line_1_25' title="bbox 177 3118 901 3204; baseline 0.006 -22"><span class='ocrx_word' id='word_1_142' title='bbox 177 3119 317 3183; x_wconf 85' lang='lat' dir='ltr'>Protinus</span> <span class='ocrx_word' id='word_1_143' title='bbox 332 3120 370 3182; x_wconf 89' lang='lat' dir='ltr'>ad</span> <span class='ocrx_word' id='word_1_144' title='bbox 384 3120 492 3203; x_wconf 82' lang='lat' dir='ltr'>patrios</span> <span class='ocrx_word' id='word_1_145' title='bbox 507 3142 561 3183; x_wconf 88' lang='lat' dir='ltr'>sua</span> <span class='ocrx_word' id='word_1_146' title='bbox 574 3118 630 3198; x_wconf 83' lang='lat' dir='ltr'>fert</span> <span class='ocrx_word' id='word_1_147' title='bbox 644 3122 768 3204; x_wconf 82' lang='lat' dir='ltr'>vestigia</span> <span class='ocrx_word' id='word_1_148' title='bbox 782 3124 880 3185; x_wconf 89' lang='lat' dir='ltr'>vultus</span> <span class='ocrx_word' id='word_1_149' title='bbox 893 3145 901 3185; x_wconf 75' lang='grc' dir='ltr'><strong><em>ε</em></strong></span> 
     </span>
     <span class='ocr_line' id='line_1_26' title="bbox 178 3216 1014 3302; baseline 0.004 -23"><span class='ocrx_word' id='word_1_150' title='bbox 178 3216 381 3299; x_wconf 89' lang='lat' dir='ltr'>Consistitque</span> <span class='ocrx_word' id='word_1_151' title='bbox 396 3217 518 3300; x_wconf 88' lang='lat' dir='ltr'>procul:</span> <span class='ocrx_word' id='word_1_152' title='bbox 541 3217 736 3300; x_wconf 89' lang='lat' dir='ltr'>nequeenim</span> <span class='ocrx_word' id='word_1_153' title='bbox 751 3220 889 3302; x_wconf 89' lang='lat' dir='ltr'>propiora</span> <span class='ocrx_word' id='word_1_154' title='bbox 902 3218 1014 3283; x_wconf 88' lang='lat' dir='ltr'>serebat</span> 
     </span>
     <span class='ocr_line' id='line_1_27' title="bbox 176 3311 887 3397; baseline 0.006 -21"><span class='ocrx_word' id='word_1_155' title='bbox 176 3312 317 3376; x_wconf 91' lang='lat' dir='ltr'>Lumina.</span> <span class='ocrx_word' id='word_1_156' title='bbox 363 3311 521 3397; x_wconf 72' lang='lat' dir='ltr'>Purpurea</span> <span class='ocrx_word' id='word_1_157' title='bbox 535 3314 650 3376; x_wconf 87' lang='lat' dir='ltr'>velatus</span> <span class='ocrx_word' id='word_1_158' title='bbox 666 3328 749 3378; x_wconf 90' lang='lat' dir='ltr'>veste</span> <span class='ocrx_word' id='word_1_159' title='bbox 762 3316 887 3380; x_wconf 86' lang='lat' dir='ltr'>sedebat</span> 
     </span>
     <span class='ocr_line' id='line_1_28' title="bbox 18 3408 884 3496; baseline 0.007 -26"><span class='ocrx_word' id='word_1_160' title='bbox 18 3469 20 3477; x_wconf 77' lang='grc'>,</span> <span class='ocrx_word' id='word_1_161' title='bbox 79 3476 80 3479; x_wconf 48' lang='lat'>,</span> <span class='ocrx_word' id='word_1_162' title='bbox 177 3408 213 3472; x_wconf 90' lang='lat' dir='ltr'>ln</span> <span class='ocrx_word' id='word_1_163' title='bbox 228 3410 301 3472; x_wconf 92' lang='lat' dir='ltr'>solio</span> <span class='ocrx_word' id='word_1_164' title='bbox 317 3408 462 3487; x_wconf 89' lang='lat' dir='ltr'>Phoebus,</span> <span class='ocrx_word' id='word_1_165' title='bbox 477 3409 563 3472; x_wconf 88' lang='lat' dir='ltr'>elaris</span> <span class='ocrx_word' id='word_1_166' title='bbox 576 3410 697 3475; x_wconf 82' lang='lat' dir='ltr'>lucente</span> <span class='ocrx_word' id='word_1_167' title='bbox 711 3414 884 3496; x_wconf 87' lang='lat' dir='ltr'>smaragdis.</span> 
     </span>
     <span class='ocr_line' id='line_1_29' title="bbox 175 3506 957 3592; baseline 0.009 -25"><span class='ocrx_word' id='word_1_168' title='bbox 175 3506 207 3567; x_wconf 92' lang='lat' dir='ltr'>A</span> <span class='ocrx_word' id='word_1_169' title='bbox 222 3506 338 3585; x_wconf 73' lang='lat' dir='ltr'>dextri,</span> <span class='ocrx_word' id='word_1_170' title='bbox 353 3506 487 3592; x_wconf 70' lang='lat' dir='ltr'>laevaque</span> <span class='ocrx_word' id='word_1_171' title='bbox 503 3506 591 3587; x_wconf 85' lang='lat' dir='ltr'>Dies,</span> <span class='ocrx_word' id='word_1_172' title='bbox 606 3521 637 3572; x_wconf 90' lang='lat' dir='ltr'>et</span> <span class='ocrx_word' id='word_1_173' title='bbox 650 3507 779 3589; x_wconf 89' lang='lat' dir='ltr'>Mensis,</span> <span class='ocrx_word' id='word_1_174' title='bbox 793 3525 825 3575; x_wconf 92' lang='lat' dir='ltr'>et</span> <span class='ocrx_word' id='word_1_175' title='bbox 837 3510 957 3591; x_wconf 84' lang='lat' dir='ltr'>Annus,</span> 
     </span>
    </p>
   </div>
   <div class='ocr_carea' id='block_1_5' title="bbox 0 0 1322 4259">
    <p class='ocr_par' dir='ltr' id='par_1_5' title="bbox 0 0 1322 4259">
     <span class='ocr_line' id='line_1_30' title="bbox 0 0 1322 4259; baseline 0 5"><span class='ocrx_word' id='word_1_176' title='bbox 0 0 1322 4259; x_wconf 95' lang='lat' dir='ltr'> </span> 
     </span>
    </p>
   </div>
  </div>
 </body>
</html>
