2634 4259
459 360 461 365 ¹
568 399 742 451 manum.
1093 390 1133 453 41

158 549 272 613 Praeter
287 570 389 635 aquas.
434 546 538 611 Unum
553 550 609 611 hoc
618 570 746 631 possum
761 547 911 630 appellare
925 560 1091 630 paternum.
1152 538 1161 553 ’

87 678 90 684 ·
160 647 237 713 Mox
253 671 321 731 ego,
337 668 375 709 ne
390 647 519 730 scopulis
534 636 675 708 haererem
689 667 807 728 semper
821 645 851 707 in
866 644 971 721 isdem,
1076 646 1136 707 176

161 745 303 807 Addidici
316 745 460 826 regimen,
475 742 581 808 dextri
594 742 776 817 moderante,
791 741 895 803 cariuae
1064 749 1069 760 “

161 838 319 913 Flectere:
342 854 373 903 et
387 840 502 903 Oleniae
517 840 596 901 sidus
610 839 739 923 pluviale
753 837 885 920 capellae,
907 845 922 868 '

162 936 391 1020 Taygetenque,
407 934 590 1019 Hyadesque
604 936 697 997 oculis
711 936 884 1017 Arctonque
898 934 1008 1010 notavi,

163 1032 391 1116 Ventorumque
406 1033 519 1110 domna,
531 1045 564 1113 et
576 1044 677 1116 portus
689 1030 837 1115 puppibus
848 1044 943 1113 aptos.
981 1069 987 1074 -
1035 1113 1039 1117 Α
1075 1031 1164 1097 180.

89 1200 94 1208 ¹
191 1128 298 1191 'Forte
314 1143 419 1213 petens
434 1128 545 1205 Delon,
561 1129 627 1191 Diae
642 1128 753 1191 telluris
767 1127 804 1189 ad
818 1148 885 1191 oras

163 1226 320 1309 Applicor,
334 1238 365 1287 et
379 1225 489 1287 dextris
504 1225 634 1287 adducor
646 1225 742 1287 littora
757 1224 862 1288 remis:

164 1323 274 1405 Doque
288 1323 371 1384 leves
386 1322 475 1384 saltus
485 1322 638 1405 :⁸udaeque
654 1323 760 1385 innitor
774 1344 881 1385 arene.

163 1419 236 1482 Nox
250 1420 301 1481 ubi
315 1433 490 1501 consumpta
504 1432 567 1495 est;
588 1421 706 1481 Aurora
717 1419 873 1482 rubescere
888 1419 1014 1502 primdm

164 1516 326 1600 Coeperat:
351 1538 490 1599 exsurgo,
505 1517 667 1600 laticesque
681 1516 787 1578 inferre
801 1531 936 1579 recentes
1077 1518 1136 1580 185
1211 1510 1220 1519 ’

53 1620 56 1627 ’
164 1615 341 1691 Admone03
363 1629 551 1697 monstroque
567 1614 656 1691 viam,
672 1635 736 1697 quae
751 1615 839 1677 ducat
854 1614 891 1675 ad
905 1614 1009 1677 undas.

164 1710 245 1793 lpse,
261 1711 330 1794 quid
346 1732 416 1773 aura
431 1711 502 1773 mihi
516 1711 629 1773 tumulo
644 1711 796 1793 promittat
808 1712 846 1774 ab
859 1712 930 1790 alto,
948 1737 950 1740 ·

164 1806 333 1890 Prospicio:
357 1808 538 1891 comitesque
554 1829 639 1883 voco,
653 1821 815 1890 repetoque
828 1808 971 1871 cariuem.'

164 1910 185 1940 “
195 1903 346 1966 Adsumus
361 1903 432 1981 en,’'
447 1904 551 1987 inquit,
566 1903 711 1989 sociorum
725 1904 836 1986 primus
850 1902 1015 1985 Opheltes:

163 1997 267 2083 thue
282 2014 376 2083 putat,
388 2000 517 2084 praedam
532 2000 648 2061 deserto
662 2013 765 2061 nactus
780 1999 809 2060 in
824 2020 904 2081 agro,
1076 2003 1137 2066 190

166 2094 308 2177 Virginei
322 2117 448 2180 puerum
463 2096 543 2160 ducit
557 2117 611 2180 per
622 2096 720 2159 littora
734 2094 839 2180 sormi.

207 2192 273 2270 Ille,
287 2214 369 2255 mero
384 2215 546 2278 somnoque
561 2194 667 2276 gravis,
682 2194 806 2257 titubare
821 2193 955 2275 videtur3

166 2288 288 2372 Vixque
302 2291 395 2372 sequi.
439 2291 551 2374 Specto
564 2292 688 2368 cultum,
703 2291 879 2376 faciemque,
894 2292 1091 2375 gradumque:

166 2384 217 2448 Nil
232 2387 281 2462 ibi,
297 2388 376 2471 quod
390 2402 489 2471 posset
503 2388 582 2450 credi
597 2388 731 2463 mortale,
747 2389 895 2452 videbam.

103 2494 108 2503 '
166 2482 208 2545 Et
221 2484 309 2561 sensi,
325 2497 355 2546 et
369 2484 431 2546 dixi
445 2484 540 2559 sociis,
556 2482 680 2556 “Quod
693 2505 803 2545 numen
817 2484 847 2545 in
861 2484 917 2545 isto
1077 2488 1136 2549 195

166 2580 301 2663 Corpore
316 2581 353 2643 sit
368 2580 485 2642 dubito:
509 2580 560 2641 sed
576 2601 699 2663 corpore
714 2601 823 2643 numen
838 2581 868 2642 in
882 2582 938 2649 isto
952 2597 1007 2645 est.

166 2676 310 2759 Quisquis
325 2698 368 2753 es,
383 2698 402 2738 o
417 2677 526 2753 faveas,
541 2678 704 2760 nostrisque
718 2678 864 2741 laboribus
878 2678 966 2741 adsis.
1035 2729 1038 2734 ,
1069 2758 1073 2766 ι

166 2773 223 2836 His
238 2792 356 2858 quoque
370 2774 422 2835 des
438 2774 586 2835 veniam.''
632 2773 722 2840 “Pro
736 2776 820 2837 nobis
834 2776 918 2837 mitte
933 2777 1078 2859 precari,'’

166 2870 274 2953 Dictys
290 2872 346 2933 ait:
370 2892 429 2954 quo
442 2893 501 2934 non
515 2871 588 2934 alius
602 2873 800 2935 conscendere
809 2894 944 2948 ,summas

165 2967 258 3030 Ocior
272 2980 423 3043 antennas,
439 2989 605 3052 prensoque
619 2970 743 3031 rudente
758 2970 859 3031 relabi.
1074 2974 1137 3035 200

166 3062 234 3127 Hoc
249 3064 354 3147 Libys,
370 3066 427 3129 hoc
442 3065 545 3141 flavus,
561 3087 652 3148 prora
667 3066 770 3141 tutela,
785 3064 967 3143 Melanthus,

165 3162 234 3225 Hoc
249 3163 354 3246 probat
368 3163 562 3226 Alcimedon:
588 3178 628 3240 et,
643 3164 694 3247 qui
707 3163 898 3246 requiemque
912 3164 1092 3249 modumque

102 3318 105 3323 .
165 3259 251 3323 Voce
267 3261 354 3323 dabat
368 3260 465 3338 remis,
481 3262 642 3324 animorum
658 3262 787 3323 hortator
801 3260 964 3343 Epopeus:

84 3348 88 3355 ’
122 3408 123 3411 ,
165 3357 234 3421 Hoc
249 3379 353 3420 omnes
367 3358 425 3419 alii.
469 3358 580 3420 Praedae
595 3372 654 3420 tarn
669 3379 749 3420 caeca
762 3357 872 3440 cupido
885 3371 941 3421 est.

165 3454 266 3517 “Non
281 3467 381 3516 tamen
395 3455 472 3531 hano
486 3476 569 3538 sacro
584 3456 683 3517 violari
699 3456 829 3537 pondere
844 3454 946 3536 pinum
1074 3460 1136 3519 205

164 3552 352 3636 Perpetiar,’'
368 3552 446 3614 dixi:
471 3560 490 3591 “
501 3574 567 3635 pars
581 3552 629 3614 hic
644 3551 716 3614 mihi
731 3551 861 3613 maxima
870 3552 978 3636 juris.''

420 3652 470 3713 4*
