2634 4259
5 3622 9 3727 ι
112 3692 118 3705 .

544 402 722 459 ueterum.
744 408 776 459 X.

170 540 207 607 Si
221 566 312 623 mare,
327 548 351 609 sl
365 562 466 628 terras,
481 569 675 639 porrectaque
689 556 785 620 littora
800 559 877 636 vidis

216 638 314 703 Multa
328 644 400 706 milri
414 658 507 724 terrae,
523 650 615 711 multa
628 651 776 714 minantur
789 674 882 738 aque.

132 744 134 749 “
172 734 295 798 Coelum
309 740 452 803 restabat:
475 744 566 806 timeo
580 746 735 827 simulacra
749 749 882 817 deomm.

215 831 369 897 Destituor
383 838 501 919 rapidis
498 842 603 923 praeda
616 844 758 927 cibusque
773 844 850 907 seris.

169 927 242 991 Sive
257 930 359 993 colunt
373 932 563 1019 habitantque
580 940 645 1016 viri,
661 940 818 1003 diffidimus
832 942 897 1005 illis.

214 1024 363 1090 Externos
378 1029 466 1093 didici
480 1032 548 1095 laesa
562 1034 665 1096 timere
681 1037 768 1098 viros.

136 1126 139 1131 '
171 1118 296 1186 Viveret
310 1125 486 1209 Androgeos
502 1130 629 1193 utinam.⁸
653 1132 800 1195 necfactu
813 1134 915 1197 luisses

212 1218 308 1303 Impia
321 1220 481 1302 funeribus,
498 1225 628 1310 Cecropi
642 1242 728 1308 terra,
744 1230 822 1292 tuis!
1078 1238 1146 1299 '100

169 1313 200 1377 N
202 1336 237 1391 ec
252 1330 303 1379 tua
316 1319 475 1383 mactisset
490 1324 602 1385 nodoso
617 1326 726 1407 stipite,
741 1326 923 1403 Theseu,

211 1413 315 1475 Ardua
330 1430 414 1498 parte
431 1418 524 1481 virum
539 1420 674 1497 dextera,
689 1436 772 1504 parte
786 1421 913 1485 bovem!

167 1507 198 1570 N
200 1530 234 1572 ec
249 1511 312 1588 tibi,
327 1535 390 1596 quae
405 1515 515 1577 reditus
530 1531 734 1595 monstrarent,
748 1519 797 1579 fila
811 1519 975 1596 dedissem.;

209 1603 277 1667 Fila
291 1628 345 1689 per
359 1608 499 1680 adductas
514 1631 591 1693 saepe
606 1625 728 1694 recepta
741 1613 863 1677 manus!

167 1698 237 1761 Non
251 1702 388 1785 equidem
403 1705 500 1783 miror,
511 1708 535 1768 si
547 1721 607 1769 stat
621 1709 741 1771 victoria
754 1723 864 1785 tecum,

208 1797 364 1882 Strataque
380 1800 528 1864 Cretatam
542 1804 640 1865 bellua
655 1806 741 1866 tinxit
756 1805 891 1867 humum.

156 1891 236 1975 'Non
250 1909 387 1977 poterant
401 1898 449 1979 figi
465 1899 622 1980 precordia
636 1900 730 1961 serres
743 1919 853 1961 cornu:

209 1989 253 2053 Ut
267 2006 297 2054 te
311 2015 369 2055 non
386 2008 512 2075 tegeres,
527 2009 646 2077 pectore
661 2009 741 2057 tutus
755 2016 830 2057 eras.

165 2086 231 2150 lilio
246 2103 278 2151 tu
293 2090 397 2167 silices,
413 2090 471 2153 illic
487 2091 642 2153 adamanta
656 2092 764 2154 tulisti:

208 2183 285 2263 Illic,
301 2187 349 2269 qui
368 2188 474 2265 silices,
490 2187 620 2265 Thesea,
636 2188 745 2269 vincat,
759 2187 862 2250 habes.
956 2228 958 2233 -
1079 2191 1142 2251 11⁰

166 2279 311 2344 Crudeles
327 2285 431 2361 somni,
448 2285 517 2367 quid
532 2305 580 2347 me
595 2285 728 2346 tenuistis
743 2285 889 2347 inertem?

210 2378 250 2439 At
266 2381 358 2441 semel
373 2381 480 2441 aeterni
495 2394 581 2442 nocte
597 2381 759 2492 premenda
772 2379 825 2444 tui.

166 2472 229 2535 Vos
245 2496 374 2559 quoque,
389 2475 523 2537 crudeles
539 2476 629 2548 venti,
644 2476 826 2573 nimiiunque
836 2473 952 2557 petati·
943 2521 952 2551 ,

207 2571 422 2655 Flaminaque
415 2594 444 2634 m
458 2572 603 2654 lacrymas
619 2567 755 2635 officiosa
756 2592 856 2639 meas

162 2665 299 2729 Dextera
313 2668 450 2744 crudelis,
465 2690 529 2751 quae
544 2690 592 2730 me
608 2669 784 2750 fratremque
799 2667 933 2735 necavit
1075 2668 1137 2730 115

206 2762 246 2825 Et
262 2764 330 2825 data
344 2765 487 2846 poscenti,
503 2786 611 2827 nomen
626 2766 724 2841 inane,
739 2764 852 2825 fides..

162 2858 196 2921 ln
213 2882 259 2921 me
272 2860 405 2944 jurirunt
419 2882 548 2969 somnus,
565 2876 741 2943 ventusque,
754 2845 899 2942 litesque.

204 2955 325 3017 Prodita
339 2978 404 3017 sum
420 2957 515 3018 causis
530 2978 589 3027 una
598 2956 707 3041 puella-
718 2944 820 3017 triirus.

162 3050 243 3137 Ergo
258 3074 319 3134 ego
329 3074 384 3115 nec
400 3054 544 3135 lacrymas
559 3052 656 3113 matris
672 3050 812 3111 moritura
825 3048 953 3110 videbo:

204 3148 283 3225 Nec,
297 3170 364 3211 mea
380 3170 428 3233 qur
421 3149 549 3231 digitus
560 3148 675 3213 lumine
689 3145 807 3222 condat,
823 3145 899 3207 erit?
1072 3146 1135 3208 120

161 3245 285 3328 Spiritus
300 3245 402 3307 infelix
416 3246 582 3329 peregrinas
598 3244 671 3307 ibit
664 3266 693 3305 ιιι
708 3263 811 3319 auras;

203 3341 270 3404 Nec
285 3343 395 3425 positos
410 3357 488 3407 artus
503 3355 614 3423 unguet
628 3340 723 3402 amica
738 3338 863 3401 manus?

160 3436 238 3498 Ossa
252 3438 458 3519 superstabunt
473 3437 606 3498 volucres
621 3435 772 3498 inhumata
785 3431 923 3493 marine?

203 3531 279 3595 Haec
293 3547 362 3595 sunt
376 3534 478 3597 officiis
494 3534 580 3617 digna
595 3531 731 3617 sepulcra
742 3528 842 3593 meisi
