2634 4259
542 395 717 451 nrrsrota
741 391 763 449 l.
829 479 832 483 Ι

164 540 228 614 Nos
242 544 354 634 Pylon,
367 544 480 635 antiqui
495 543 604 613 Neleia
617 537 753 612 Nestoris
767 558 847 624 arva,
881 591 885 598 ι

206 646 360 710 Misimus:
384 644 494 724 incerta
509 661 554 709 est
569 646 647 709 fama
660 647 782 708 remissa
796 644 887 727 Pylo.

162 740 302 808 Misimus
315 761 346 807 et
361 744 505 829 Sparten:
529 744 635 827 Sparte
652 741 886 828 quoque'nescia
901 739 972 802 veri»
1181 792 1186 806 .

106 870 110 877 ·
204 840 291 915 Quas
306 842 419 907 habitas
435 855 535 918 terras,
552 854 602 903 aut
616 840 672 907 ubi
681 842 779 904 lentus
793 839 885 900 abes?
1095 833 1141 900 60

162 936 273 1003 Utilius
287 952 398 1001 starem
412 934 861 1001 etiamnuncrnoeniaPhoebi.
948 1000 953 1004 ,

205 1033 334 1121 (Irascor
348 1035 424 1098 votis
438 1035 498 1097 heu
512 1034 586 1097 levis
601 1034 666 1117 ipsa
679 1033 753 1095 meis
765 1031 790 1117 !)

157 1130 277 1193 Scirem
291 1132 342 1193 ubi
356 1144 502 1215 pugnares
511 1150 521 1207 ‘3
543 1143 574 1193 et
588 1130 704 1192 teatina
716 1129 797 1193 hehe
809 1125 966 1205 tirnerem3

204 1226 246 1289 Et
260 1248 328 1290 mea
340 1248 411 1290 eum
425 1228 525 1294 multis
535 1226 641 1311 juncta
655 1226 776 1312 querela
790 1224 875 1288 foret.

160 1318 245 1396 Quid
260 1324 380 1387 timeam
395 1324 514 1406 ignoro:
537 1324 629 1391 timeo
642 1330 742 1385 tamen
757 1322 857 1385 omnia
869 1322 1009 1385 demens:
1095 1322 1139 1386 6⁵
1161 1348 1163 1353 ·

203 1418 246 1482 Et
262 1434 341 1503 patet
356 1420 390 1507 in¹
399 1442 484 1483 curas
499 1440 569 1483 aree-
580 1421 641 1483 lata
655 1439 747 1485 meas.

117 1518 123 1533 ’
158 1514 359 1602 Quaecunque
374 1539 474 1603 aequor
487 1518 587 1594 habet,
603 1536 787 1601 quecunque
802 1515 935 1599 pericula
948 1514 1046 1591 tellus,

199 1608 283 1676 'Tam
297 1616 391 1698 longe
405 1636 508 1679 causas
522 1614 656 1698 suspicor
670 1634 737 1675 esse
750 1632 859 1675 moue-
1039 1685 1042 1692 ¹

158 1708 235 1773 Haec
250 1732 306 1794 ego
322 1712 392 1775 dum
407 1712 495 1775 ‘stultit
512 1711 637 1774 meditor
653 1708 734 1796 (quar
748 1722 847 1776 vestra
861 1708 950 1774 libido
964 1708 1024 1792 est)
1042 1760 1049 1767 .

202 1806 278 1887 Esse
295 1809 450 1893 peregrino
463 1822 568 1891 captus
583 1806 684 1869 'amore
699 1820 797 1889 potes.
1093 1807 1139 1867 70
1202 1852 1209 1863 ,

158 1903 295 1967 Forsitan
309 1920 341 1968 et
355 1926 464 1981 narres,
479 1905 569 1988 quarn
583 1904 621 1967 sit
634 1903 687 1965 tibi
701 1895 809 1964 rustice
821 1900 952 1987 conjux3

100 1992 102 1997 ¹
204 1997 282 2075 Quae
298 2002 413 2066 tantirm
423 2002 503 2064 lanas
518 2016 577 2063 nnn
591 2001 666 2062 sinat
681 2019 747 2061 esse
760 1999 860 2061 mdes.

158 2096 276 2176 raum
294 2113 330 2163 ¹et
345 2100 401 2162 hoc
415 2098 527 2161 crimen
543 2111 648 2161 tenues
664 2110 802 2159 vanescat
816 2096 845 2159 in
860 2116 964 2160 auras:

202 2196 300 2273 Neve,
315 2197 482 2259 revertendi
490 2196 580 2273 liber,
596 2196 699 2257 abesse
715 2193 798 2256 velis.

158 2292 213 2355 Me
229 2306 314 2377 pater
328 2292 437 2356 Icarius
453 2294 542 2355 viduo
557 2292 710 2355 discedere
723 2292 802 2354 lecto

202 2388 303 2473 Cogit,
317 2404 348 2453 et
363 2390 521 2452 immensas
536 2390 777 2471 increpatusque
791 2405 899 2450 moras.

158 2486 297 2571 Increpet
311 2508 405 2572 usque
416 2487 505 2549 licet:
528 2500 579 2548 tua
593 2506 671 2561 sum,
686 2498 738 2547 tua
752 2484 833 2547 dicar
846 2498 965 2568 oportet

201 2582 373 2668 Penelope:
396 2582 507 2669 conjux
521 2604 640 2667 semper
653 2580 771 2665 Ulyssis
786 2602 847 2645 ero.

157 2679 212 2743 Ille
228 2695 329 2744 tamen
346 2682 457 2766 pietate
470 2680 539 2743 meri
553 2680 749 2763 precibusque
765 2673 879 2763 pudicis

200 2777 367 2861 Frangitur,
383 2792 414 2841 et
428 2779 504 2841 vires
519 2790 665 2863 temperat
679 2778 742 2860 ipse
756 2799 834 2839 arar.
1090 2776 1136 2840 80

156 2875 300 2955 Dulichii,
311 2876 475 2960 Samiique,
489 2890 530 2952 et,
545 2896 619 2959 quos
634 2875 701 2937 tulit
715 2874 774 2936 alta
788 2874 974 2957 Zacynthos,

199 2971 303 3035 Turba
317 2986 405 3036 ruunt
419 2972 449 3035 in
463 2993 512 3034 me
526 2970 688 3046 luxuriosa,
698 2970 803 3053 proci:

158 3068 251 3153 lnque
265 3070 317 3133 tud
331 3082 464 3151 regnant,
479 3068 564 3130 nullis
579 3066 811 3151 prohibentibus,
826 3065 904 3127 auli.

200 3165 325 3229 Viscera
339 3180 447 3243 nostra,
462 3179 518 3227 tuae
536 3164 713 3227 dilaniantur
723 3183 810 3247 opes.
874 3198 878 3205 -

154 3262 240 3337 Quid
255 3265 307 3327 tibi
322 3263 510 3339 Pisandrum,
525 3259 748 3345 Polybumque,
763 3258 969 3344 Medontaque
983 3259 1089 3336 dimm,
1118 3306 1123 3312 .

200 3358 441 3444 Eurymachique
457 3359 568 3436 avidae,
584 3359 768 3442 Antinoique
782 3378 897 3433 manus,
1082 3358 1132 3424 ,86

57 3540 62 3548 1
156 3457 258 3541 Atque
273 3458 346 3521 alios
361 3454 496 3533 reseram,
512 3477 585 3540 quos
599 3476 704 3518 omnes
719 3455 843 3539 turpiter
855 3454 961 3517 absens

2 3626 4 3659 ,
198 3554 267 3639 lpse
282 3568 333 3618 tuo
349 3554 437 3639 partis
452 3554 592 3635 sanguine
607 3554 695 3615 rebus
710 3552 785 3615 alis?

2 3688 9 3813 l

91 3848 99 3868 Ι
