2634 4259
553 409 660 463 trente
684 408 758 463 xm.

167 554 297 621 AEacidae
313 556 452 623 soecunda
466 560 517 623 sui.
562 560 649 625 Jacet
665 561 741 623 llioir
755 563 877 643 ingenst

168 654 347 739 Eventuque
362 658 444 739 gravi
458 659 537 720 finita
551 671 596 719 est
610 659 729 741 publica
742 658 859 720 clades:

167 751 199 814 Si
213 754 293 814 finita
308 750 418 815 tamen.
464 754 525 817 Soli
540 755 612 817 mihi
626 748 774 836 Pergama
788 766 914 822 restant:
1077 754 1141 815 50⁰

166 847 202 910 ln
215 868 362 932 cursuque
377 870 461 911 meus
476 850 559 913 dolor
573 862 628 912 est.
673 849 769 916 Modo
783 837 913 938 maxima
926 850 1035 926 retum,

167 942 229 1006 Tot
243 946 358 1029 generis
373 947 505 1031 natisque
521 960 637 1029 potone,
652 946 831 1030 nuribusque
847 946 979 1028 viroque,

167 1038 256 1103 Nunc
271 1042 372 1103 trahor
386 1044 481 1119 exsul,
496 1044 591 1125 inops,
607 1043 726 1106 tumulis
740 1042 843 1104 avulsa
856 1055 1000 1119 meorum,

167 1134 328 1219 Penelopae
344 1158 468 1199 munus:
493 1160 557 1221 quae
571 1160 631 1215 me,
647 1139 715 1200 date
728 1157 822 1221 pensa
835 1140 1012 1215 trahentem,

167 1228 313 1294 Matribus
328 1234 486 1299 ostendens
501 1234 656 1317 IthaciS,j“
666 1234 741 1297 Haec
756 1234 896 1297 Hectoris
908 1235 957 1297 illa
972 1248 1018 1297 est
1078 1236 1142 1298 505

169 1327 259 1390 Clara
273 1350 396 1411 parens:
416 1331 482 1403 hec
497 1329 573 1408 est,''
589 1331 679 1409 dicet,
694 1330 874 1396 “Priameia
887 1330 1032 1415 conjux.''

168 1424 300 1508 Postque
316 1439 359 1488 tot
374 1428 495 1489 amissos
510 1441 542 1489 tu
557 1450 646 1503 nunc,
663 1448 726 1510 quae
740 1427 804 1489 sole
816 1427 936 1489 levabas
975 1499 977 1502 ¹

168 1520 322 1611 Maternos
334 1519 441 1599 luctus,
457 1523 573 1585 hostilio
586 1524 673 1585 busta
687 1523 785 1606 pitsti.

168 1616 289 1681 Inferias
304 1608 510 1703 hostipepcri.
555 1611 739 1694 Qudlerrea
752 1621 851 1682 resto?
879 1632 882 1639 '

169 1713 292 1786 Quidve
307 1718 424 1779 moror?
447 1717 506 1800 qud
521 1736 570 1779 me
584 1738 694 1794 servus,
708 1717 849 1779 damnosa
863 1719 1021 1781 senectus?
1079 1719 1143 1781 510

168 1808 264 1887 Quid,
280 1811 310 1872 di
323 1812 470 1889 crudeles,
485 1813 538 1875 nisi
555 1814 613 1896 qud
628 1834 708 1877 nova
722 1812 825 1873 lunera
842 1834 972 1892 cernam,

170 1898 315 1969 Vivacem
332 1908 453 1971 differtis
468 1912 577 1971 anum?
621 1907 701 1982 Quis
717 1929 804 1991 posse
819 1920 934 1991 putaret

169 2000 305 2065 Felicem
319 2004 483 2081 Priamum,
499 2018 565 2088 post
579 2005 675 2069 diruta
688 2004 846 2086 Pergama,
862 2003 941 2068 dici?

170 2098 259 2190 Felix
274 2115 368 2164 morte
383 2102 446 2179 sud,
462 2123 518 2164 nec
533 2116 573 2179 te,
588 2122 657 2164 mea
670 2115 750 2178 neta,
765 2116 950 2185 peremptam

170 2196 318 2280 Adspicit,
335 2213 366 2261 et
380 2199 470 2263 vitam
485 2200 591 2283 pariter
603 2212 789 2283 regnumque
802 2199 928 2284 reliquit.
1080 2202 1143 2265 515

168 2293 214 2354 At
231 2293 333 2380 (puto)
350 2294 499 2358 firneribus
514 2295 665 2373 dotabere,
679 2296 760 2377 regia
774 2284 889 2378 virgo,

170 2386 386 2475 Condeturque
399 2406 483 2454 tuum
497 2392 694 2454 monumentis
708 2413 815 2475 corpus
835 2393 930 2456 avitis.

171 2485 240 2549 Non
256 2486 318 2551 haec
333 2502 377 2551 est
392 2487 637 2551 fortuna'domris.
681 2486 752 2549 Tibi
767 2509 889 2551 munera
901 2490 1001 2553 matris
1061 2539 1064 2544 .

170 2584 355 2667 Contingent
369 2584 467 2663 fietne,
482 2584 702 2672 peregrinaeque
717 2585 837 2648 haustus
852 2608 957 2649 areuae.

108 2700 123 2727 0
170 2681 281 2745 Omnia
296 2682 488 2765 perdidimus·
532 2682 685 2765 Superest,
696 2704 750 2745 cur
764 2678 870 2753 vivere
878 2697 996 2769 tempus
1048 2686 1145 2749 ,520
1232 2684 1234 2688 ’

171 2778 206 2839 ln
220 2781 311 2841 breve
326 2780 496 2856 sustineam,
511 2780 608 2862 proles
623 2776 785 2861 gratissima
797 2780 893 2857 matri,

172 2874 261 2939 Nunc
276 2876 366 2953 solue,
382 2875 529 2960 quondam
543 2876 681 2937 minimus
692 2864 733 2937 de
748 2876 838 2958 stirpe
854 2877 942 2953 virili,-

173 2970 236 3035 Has
251 2974 336 3035 datus
349 2972 471 3035 Ismario
485 2972 548 3053 regi
562 2970 730 3053 Polydorus
745 2971 774 3032 in
788 2992 864 3032 oras.

172 3067 257 3140 Quid
272 3090 369 3131 moror
383 3069 495 3131 interea
509 3066 639 3129 crudelia
654 3066 774 3128 vulnera
787 3057 919 3149 lymphis

173 3165 315 3241 Abluere,
330 3178 360 3227 et
374 3186 489 3247 sparsos
503 3162 607 3226 immiti
620 3163 762 3247 sanguine
777 3163 903 3226 vultus?
1082 3168 1145 3230 525

215 3260 318 3325 Dixit:
343 3275 372 3324 et
387 3262 425 3323 ad
439 3262 519 3324 littus
535 3282 621 3344 passu
638 3261 778 3343 processit
792 3261 871 3338 anili,

173 3358 319 3420 Albentes
332 3359 441 3420 laniata
454 3379 565 3421 comas.
610 3356 721 3433 ‘Date,
732 3356 877 3434 Troades,
891 3338 1016 3434 urham,'

173 3452 300 3518 Dixerat
314 3454 428 3531 infelix,
443 3455 566 3538 liquidas
581 3454 709 3516 hauriret
722 3467 757 3516 ut
770 3454 880 3516 undas:

173 3551 311 3635 Adspicit
326 3551 454 3636 ejectum
468 3550 611 3634 Polydori
625 3551 655 3612 in
668 3550 765 3612 littore
779 3571 897 3633 corpus,
