2634 4259
541 388 716 443 nersaonu
737 388 796 440 vn.
1092 382 1148 443 161

182 535 216 599 Si
231 537 323 620 pudet
337 537 454 613 uxoris3
476 558 534 601 uon
550 551 653 621 nupta,·
666 538 719 599 sed
734 538 849 620 hospita
865 539 953 601 dicar.
1093 542 1154 601 135

225 633 308 695 Dum
323 648 374 697 tua
388 636 425 697 sit
439 634 530 711 Dido,
545 635 696 718 quodlibet
710 647 776 697 esse
791 634 875 697 seret.

183 728 262 793 Nota
276 732 348 793 mihi
364 730 436 793 freta
449 745 515 796 sunt
531 730 637 793 Afrum
653 730 815 812 frangentia
829 732 926 795 littus:

225 822 424 909 Temporibus
438 827 524 891 certis
539 827 668 911 dantque
684 820 851 910 negantque
866 829 955 890 viam.

183 920 264 984 Cum
280 923 360 985 dabit
375 945 442 985 aura
458 924 546 1000 viam,
562 925 704 1007 praebebis
718 924 839 986 carbasa
854 925 958 986 ventis.

226 1018 316 1081 Nunc
329 1020 403 1081 levis
417 1020 543 1104 ejectam
557 1022 688 1102 continet
702 1021 768 1107 alga
776 1035 885 1094 ratem.
1095 1025 1156 1085 140

183 1114 319 1198 Tempus
334 1129 367 1178 ut
380 1118 545 1193 observem,
561 1118 668 1182 manda
681 1118 770 1193 rnihi3
791 1119 899 1203 certius
914 1118 984 1181 ibis:

227 1211 294 1274 Nec‘
309 1227 349 1290 te,
367 1214 390 1276 si
406 1214 508 1297 cupies
522 1214 597 1296 ipse,
611 1214 850 1277 manere-sinam.

184 1306 228 1371 Et
238 1310 310 1371 'socii
325 1304 456 1393 re'quiern
472 1326 606 1394 poscunt,
621 1311 788 1396 laniataque
802 1312 901 1373 classis

226 1404 361 1469 Postulat
376 1408 498 1489 exiguas
512 1407 698 1471 semirefecta
710 1410 818 1471 moras.
1132 1464 1139 1474 .

184 1500 247 1583 Pro
259 1503 379 1580 meritis,
394 1517 425 1567 et
440 1504 524 1586 siqua
537 1504 588 1566 tibi
604 1504 797 1587 ptaebebimus
812 1505 898 1581 ulai,
1047 1534 1051 1539 >
1097 1509 1157 1569 145

227 1599 288 1662 Pro
302 1621 355 1683 spe
370 1600 497 1685 conjugii
513 1613 646 1683 tempora
660 1622 750 1683 parva
765 1615 847 1684 peto.
943 1668 949 1674 ⁴

185 1692 268 1756 Dum
283 1694 356 1758 freta
370 1698 537 1773 mitescunt,
553 1698 709 1787 et‘Arnor:
732 1698 803 1761 dum
819 1712 952 1781 tempore
968 1713 997 1760 et
1012 1721 1066 1761 usu

180 1822 185 1831 ·
227 1790 356 1865 Fortiter
369 1793 467 1856 edisco
481 1794 572 1857 tristia
586 1816 674 1877 posse
689 1796 760 1877 pati.
1053 1784 1059 1793 ¹

185 1887 238 1949 Sin
252 1882 366 1967 miritis3
388 1904 434 1953 est
448 1892 561 1952 animus
576 1892 659 1955 nobis
674 1891 826 1955 effundere
845 1892 944 1954 vitam.

228 1984 262 2047 In
277 1992 325 2049 me
341 1988 467 2049 crudelis
482 2010 541 2050 non
556 2003 641 2070 potes
656 2008 721 2049 esse
737 1988 798 2049 diu.
1097 1993 1158 2051 150

186 2081 342 2165 Adspicias
357 2085 479 2160 utinam,
496 2106 559 2167 quas
575 2085 611 2146 sit
625 2083 908 2165 scribentisimago!

227 2178 407 2257 Scribimus3
429 2195 459 2243 et
473 2181 585 2261 gremio
600 2180 819 2243 Troicus'ensis
834 2182 933 2243 adest:

184 2274 304 2359 Perque
318 2299 408 2359 genas
422 2278 558 2360 lacrymae
574 2278 705 2341 strictum
719 2278 856 2341 labuntur
870 2279 900 2341 in
915 2300 1035 2355 ensem;
1141 2304 1144 2309 ·

228 2372 291 2446 Qui
302 2373 365 2458 jarrr
381 2395 435 2455 pro
448 2374 741 2456 lacrymissanguine
755 2375 862 2437 tinctus
879 2376 944 2437 erit.

185 2467 289 2542 Quem
303 2472 379 2533 bene
394 2472 573 2534 conveniunt
587 2470 647 2533 sato
661 2485 712 2533 tua
726 2492 850 2533 munera
864 2473 980 2535 nostro!
1098 2477 1158 2536 155

227 2566 348 2630 Instruis
362 2564 497 2651 impensi
510 2581 608 2630 nostra
622 2568 757 2652 sepulcra
766 2568 860 2631 brevi.
961 2605 966 2615 ·

185 2663 216 2727 N
218 2687 253 2728 ec
268 2686 335 2727 mea
348 2686 428 2727 nune
441 2666 536 2748 primo
551 2665 693 2728 feriuntur
707 2680 826 2748 pectora
840 2667 917 2728 telo:

227 2761 282 2824 lile
297 2763 379 2825 locus
394 2763 462 2824 saevi
478 2762 584 2825 vulnus
602 2762 719 2824 Amoris
734 2762 834 2825 habet.

185 2861 275 2924 Anna
290 2881 381 2936 soror,
396 2881 477 2921 soror
490 2860 591 2937 Anna,
605 2882 680 2921 mee
694 2861 772 2921 male
787 2860 905 2922 conscio
918 2861 1024 2943 culpe,

228 2955 298 3019 Jam
313 2957 394 3018 dabis
409 2958 438 3018 in
454 2957 568 3019 cineres
582 2957 686 3019 ultima
701 2956 778 3017 dona
793 2977 885 3017 meos.
1095 2957 1158 3018 160

186 3051 264 3129 Nec,
278 3067 453 3136 consumpta
467 3054 554 3133 rogis,
569 3052 716 3127 inscribar,
731 3050 829 3114 Eiissa
843 3051 967 3130 Sichaei3

229 3148 298 3212 Hoc
313 3163 411 3212 tamen
427 3151 456 3212 in
472 3149 577 3212 tumuli
591 3170 735 3211 marmore
749 3170 868 3213 carmen
884 3150 954 3212 erit:

187 3244 335 3309 ‘Praebuit
348 3246 460 3309 AEneas
475 3260 640 3309 etecusam
655 3249 755 3309 mortis
770 3260 800 3310 et
814 3268 926 3309 ensem.

229 3343 299 3427 lpsa
312 3343 367 3405 suit
381 3344 462 3407 Dido
476 3343 605 3407 concidit
618 3365 672 3407 usa
687 3344 798 3407 manu!

488 3442 555 3521 14*
