<?xml version="1.0" encoding="UTF-8"?>
<!DOCTYPE html PUBLIC "-//W3C//DTD XHTML 1.0 Transitional//EN"
    "http://www.w3.org/TR/xhtml1/DTD/xhtml1-transitional.dtd">
<html xmlns="http://www.w3.org/1999/xhtml" xml:lang="en" lang="en">
 <head>
  <title>
</title>
<meta http-equiv="Content-Type" content="text/html;charset=utf-8" />
  <meta name='ocr-system' content='tesseract 3.04.00' />
  <meta name='ocr-capabilities' content='ocr_page ocr_carea ocr_par ocr_line ocrx_word'/>
</head>
<body>
  <div class='ocr_page' id='page_1' title='image "./excerptaexscrip01goulgoog_0116.png"; bbox 0 0 2634 4259; ppageno 0'>
   <div class='ocr_carea' id='block_1_1' title="bbox 191 361 835 423">
    <p class='ocr_par' dir='ltr' id='par_1_1' title="bbox 191 361 835 423">
     <span class='ocr_line' id='line_1_1' title="bbox 191 361 835 423; baseline 0.005 -3"><span class='ocrx_word' id='word_1_1' title='bbox 191 361 252 423; x_wconf 73' lang='lat'>102</span> <span class='ocrx_word' id='word_1_2' title='bbox 480 372 835 423; x_wconf 79' lang='lat' dir='ltr'><strong>METAMORPHOSEON.</strong></span> 
     </span>
    </p>
   </div>
   <div class='ocr_carea' id='block_1_2' title="bbox 184 517 981 1273">
    <p class='ocr_par' dir='ltr' id='par_1_2' title="bbox 186 517 923 702">
     <span class='ocr_line' id='line_1_2' title="bbox 188 517 923 605; baseline 0.008 -25"><span class='ocrx_word' id='word_1_3' title='bbox 188 517 367 602; x_wconf 82' lang='lat' dir='ltr'>Hesperidas</span> <span class='ocrx_word' id='word_1_4' title='bbox 383 518 507 595; x_wconf 72' lang='lat' dir='ltr'>dondsse</span> <span class='ocrx_word' id='word_1_5' title='bbox 522 535 618 603; x_wconf 86' lang='lat' dir='ltr'>putes.</span> <span class='ocrx_word' id='word_1_6' title='bbox 664 521 697 585; x_wconf 90' lang='lat' dir='ltr'>Si</span> <span class='ocrx_word' id='word_1_7' title='bbox 712 524 843 605; x_wconf 87' lang='lat' dir='ltr'>postibus</span> <span class='ocrx_word' id='word_1_8' title='bbox 858 522 923 586; x_wconf 89' lang='lat' dir='ltr'>altis</span> 
     </span>
     <span class='ocr_line' id='line_1_3' title="bbox 186 615 876 702; baseline 0.003 -24"><span class='ocrx_word' id='word_1_9' title='bbox 186 615 329 678; x_wconf 82' lang='lat' dir='ltr'>Admovit</span> <span class='ocrx_word' id='word_1_10' title='bbox 343 616 466 699; x_wconf 84' lang='lat' dir='ltr'>digitos;</span> <span class='ocrx_word' id='word_1_11' title='bbox 489 632 588 702; x_wconf 85' lang='lat' dir='ltr'>postes</span> <span class='ocrx_word' id='word_1_12' title='bbox 602 618 715 681; x_wconf 89' lang='lat' dir='ltr'>radiare</span> <span class='ocrx_word' id='word_1_13' title='bbox 730 618 876 681; x_wconf 86' lang='lat' dir='ltr'>videntur.</span> 
     </span>
    </p>

    <p class='ocr_par' dir='ltr' id='par_1_3' title="bbox 186 709 907 896">
     <span class='ocr_line' id='line_1_4' title="bbox 186 709 900 797; baseline 0.007 -25"><span class='ocrx_word' id='word_1_14' title='bbox 186 709 240 773; x_wconf 90' lang='lat' dir='ltr'>Ille</span> <span class='ocrx_word' id='word_1_15' title='bbox 256 712 343 775; x_wconf 82' lang='lat' dir='ltr'>etiarn</span> <span class='ocrx_word' id='word_1_16' title='bbox 358 714 474 797; x_wconf 86' lang='lat' dir='ltr'>liquidis</span> <span class='ocrx_word' id='word_1_17' title='bbox 488 715 600 797; x_wconf 88' lang='lat' dir='ltr'>palmas</span> <span class='ocrx_word' id='word_1_18' title='bbox 613 715 664 777; x_wconf 92' lang='lat' dir='ltr'>ubi</span> <span class='ocrx_word' id='word_1_19' title='bbox 678 714 790 778; x_wconf 85' lang='lat' dir='ltr'>laverat</span> <span class='ocrx_word' id='word_1_20' title='bbox 804 716 900 794; x_wconf 90' lang='lat' dir='ltr'>undis,</span> 
     </span>
     <span class='ocr_line' id='line_1_5' title="bbox 186 805 907 896; baseline 0.006 -26"><span class='ocrx_word' id='word_1_21' title='bbox 186 805 276 870; x_wconf 87' lang='lat' dir='ltr'>Unda</span> <span class='ocrx_word' id='word_1_22' title='bbox 290 808 385 871; x_wconf 87' lang='lat' dir='ltr'>fluens</span> <span class='ocrx_word' id='word_1_23' title='bbox 400 810 504 892; x_wconf 88' lang='lat' dir='ltr'>palmis</span> <span class='ocrx_word' id='word_1_24' title='bbox 519 810 646 873; x_wconf 67' lang='lat' dir='ltr'>Danaen</span> <span class='ocrx_word' id='word_1_25' title='bbox 660 812 785 875; x_wconf 87' lang='lat' dir='ltr'>eludere</span> <span class='ocrx_word' id='word_1_26' title='bbox 798 825 907 896; x_wconf 82' lang='lat' dir='ltr'>posset.</span> 
     </span>
    </p>

    <p class='ocr_par' dir='ltr' id='par_1_4' title="bbox 229 903 981 991">
     <span class='ocr_line' id='line_1_6' title="bbox 229 903 981 991; baseline 0.005 -25"><span class='ocrx_word' id='word_1_27' title='bbox 229 903 292 967; x_wconf 77' lang='lat' dir='ltr'>vix</span> <span class='ocrx_word' id='word_1_28' title='bbox 307 928 376 989; x_wconf 89' lang='lat' dir='ltr'>spes</span> <span class='ocrx_word' id='word_1_29' title='bbox 391 907 453 991; x_wconf 91' lang='lat' dir='ltr'>ipse</span> <span class='ocrx_word' id='word_1_30' title='bbox 468 928 535 968; x_wconf 87' lang='lat' dir='ltr'>suas</span> <span class='ocrx_word' id='word_1_31' title='bbox 549 907 647 970; x_wconf 87' lang='lat' dir='ltr'>animo</span> <span class='ocrx_word' id='word_1_32' title='bbox 661 908 751 991; x_wconf 83' lang='lat' dir='ltr'>capit,</span> <span class='ocrx_word' id='word_1_33' title='bbox 766 930 855 970; x_wconf 86' lang='lat' dir='ltr'>aurea</span> <span class='ocrx_word' id='word_1_34' title='bbox 868 909 981 991; x_wconf 83' lang='lat' dir='ltr'>fingens</span> 
     </span>
    </p>

    <p class='ocr_par' dir='ltr' id='par_1_5' title="bbox 184 1001 927 1273">
     <span class='ocr_line' id='line_1_7' title="bbox 184 1001 915 1087; baseline 0.004 -23"><span class='ocrx_word' id='word_1_35' title='bbox 184 1001 305 1065; x_wconf 88' lang='lat' dir='ltr'>Omnia.</span> <span class='ocrx_word' id='word_1_36' title='bbox 350 1002 499 1065; x_wconf 80' lang='lat' dir='ltr'>Gaudenti</span> <span class='ocrx_word' id='word_1_37' title='bbox 513 1024 629 1069; x_wconf 87' lang='lat' dir='ltr'>mensas</span> <span class='ocrx_word' id='word_1_38' title='bbox 644 1005 769 1087; x_wconf 76' lang='lat' dir='ltr'>posuere</span> <span class='ocrx_word' id='word_1_39' title='bbox 783 1005 915 1082; x_wconf 89' lang='lat' dir='ltr'>ministri,</span> 
     </span>
     <span class='ocr_line' id='line_1_8' title="bbox 185 1091 927 1183; baseline 0.003 -22"><span class='ocrx_word' id='word_1_40' title='bbox 185 1096 360 1162; x_wconf 83' lang='lat' dir='ltr'>Exstmctas</span> <span class='ocrx_word' id='word_1_41' title='bbox 375 1100 509 1182; x_wconf 87' lang='lat' dir='ltr'>dapibus,</span> <span class='ocrx_word' id='word_1_42' title='bbox 523 1122 580 1163; x_wconf 92' lang='lat' dir='ltr'>nec</span> <span class='ocrx_word' id='word_1_43' title='bbox 595 1115 678 1163; x_wconf 87' lang='lat' dir='ltr'>tostae</span> <span class='ocrx_word' id='word_1_44' title='bbox 693 1091 786 1183; x_wconf 50' lang='lat' dir='ltr'>liugis&#39;</span> <span class='ocrx_word' id='word_1_45' title='bbox 795 1115 927 1183; x_wconf 82' lang='lat' dir='ltr'><strong>egentes.</strong></span> 
     </span>
     <span class='ocr_line' id='line_1_9' title="bbox 185 1193 845 1273; baseline 0.003 -16"><span class='ocrx_word' id='word_1_46' title='bbox 185 1193 266 1257; x_wconf 92' lang='lat' dir='ltr'>Tum</span> <span class='ocrx_word' id='word_1_47' title='bbox 282 1195 363 1273; x_wconf 81' lang='lat' dir='ltr'>verb,</span> <span class='ocrx_word' id='word_1_48' title='bbox 378 1197 440 1259; x_wconf 88' lang='lat' dir='ltr'>sive</span> <span class='ocrx_word' id='word_1_49' title='bbox 455 1197 503 1259; x_wconf 93' lang='lat' dir='ltr'>ille</span> <span class='ocrx_word' id='word_1_50' title='bbox 517 1198 572 1263; x_wconf 74' lang='lat' dir='ltr'>sui</span> <span class='ocrx_word' id='word_1_51' title='bbox 585 1196 725 1260; x_wconf 81' lang='lat' dir='ltr'>Cerealia</span> <span class='ocrx_word' id='word_1_52' title='bbox 739 1197 845 1259; x_wconf 73' lang='lat' dir='ltr'>dextra</span> 
     </span>
    </p>
   </div>
   <div class='ocr_carea' id='block_1_3' title="bbox 67 1289 897 1375">
    <p class='ocr_par' dir='ltr' id='par_1_6' title="bbox 67 1289 897 1375">
     <span class='ocr_line' id='line_1_10' title="bbox 67 1289 897 1375; baseline 0.008 -26"><span class='ocrx_word' id='word_1_53' title='bbox 67 1328 77 1349; x_wconf 58' lang='lat' dir='ltr'>t</span> <span class='ocrx_word' id='word_1_54' title='bbox 183 1289 312 1355; x_wconf 87' lang='lat' dir='ltr'>Munera</span> <span class='ocrx_word' id='word_1_55' title='bbox 326 1293 497 1375; x_wconf 75' lang='lat' dir='ltr'>contigerat,</span> <span class='ocrx_word' id='word_1_56' title='bbox 513 1292 651 1356; x_wconf 78' lang='lat' dir='ltr'>Cerealia</span> <span class='ocrx_word' id='word_1_57' title='bbox 664 1294 742 1356; x_wconf 90' lang='lat' dir='ltr'>dona</span> <span class='ocrx_word' id='word_1_58' title='bbox 754 1294 897 1375; x_wconf 84' lang='lat' dir='ltr'>rigebant.</span> 
     </span>
    </p>
   </div>
   <div class='ocr_carea' id='block_1_4' title="bbox 125 1386 987 1860">
    <p class='ocr_par' dir='ltr' id='par_1_7' title="bbox 184 1386 987 1473">
     <span class='ocr_line' id='line_1_11' title="bbox 184 1386 987 1473; baseline 0.005 -24"><span class='ocrx_word' id='word_1_59' title='bbox 184 1386 255 1449; x_wconf 83' lang='lat' dir='ltr'>Sive</span> <span class='ocrx_word' id='word_1_60' title='bbox 269 1388 361 1473; x_wconf 88' lang='lat' dir='ltr'>dapes</span> <span class='ocrx_word' id='word_1_61' title='bbox 376 1388 463 1452; x_wconf 85' lang='lat' dir='ltr'>avido</span> <span class='ocrx_word' id='word_1_62' title='bbox 476 1389 645 1453; x_wconf 88' lang='lat' dir='ltr'>convellere</span> <span class='ocrx_word' id='word_1_63' title='bbox 658 1390 748 1453; x_wconf 85' lang='lat' dir='ltr'>deute</span> <span class='ocrx_word' id='word_1_64' title='bbox 769 1390 900 1473; x_wconf 72' lang='lat' dir='ltr'>parabat,</span> <span class='ocrx_word' id='word_1_65' title='bbox 984 1417 987 1422; x_wconf 52' lang='lat'><strong>⁴</strong></span> 
     </span>
    </p>

    <p class='ocr_par' dir='ltr' id='par_1_8' title="bbox 184 1474 919 1571">
     <span class='ocr_line' id='line_1_12' title="bbox 184 1474 919 1571; baseline 0.004 -24"><span class='ocrx_word' id='word_1_66' title='bbox 184 1478 311 1548; x_wconf 88' lang='lat' dir='ltr'>Lamina</span> <span class='ocrx_word' id='word_1_67' title='bbox 325 1474 405 1549; x_wconf 83' lang='lat' dir='ltr'>lulva</span> <span class='ocrx_word' id='word_1_68' title='bbox 419 1487 510 1571; x_wconf 87' lang='lat' dir='ltr'>dapes</span> <span class='ocrx_word' id='word_1_69' title='bbox 526 1487 644 1550; x_wconf 88' lang='lat' dir='ltr'>admoto</span> <span class='ocrx_word' id='word_1_70' title='bbox 659 1487 919 1551; x_wconf 69' lang='lat' dir='ltr'>deute&#39;nitebmt.·</span> 
     </span>
    </p>

    <p class='ocr_par' dir='ltr' id='par_1_9' title="bbox 125 1574 857 1666">
     <span class='ocr_line' id='line_1_13' title="bbox 125 1574 857 1666; baseline 0.003 -23"><span class='ocrx_word' id='word_1_71' title='bbox 125 1574 127 1579; x_wconf 68' lang='grc'><strong>’</strong></span> <span class='ocrx_word' id='word_1_72' title='bbox 184 1579 347 1645; x_wconf 85' lang='lat' dir='ltr'>Miscuerat</span> <span class='ocrx_word' id='word_1_73' title='bbox 361 1584 440 1666; x_wconf 89' lang='lat' dir='ltr'>puris</span> <span class='ocrx_word' id='word_1_74' title='bbox 455 1598 606 1647; x_wconf 87' lang='lat' dir='ltr'>auctorem</span> <span class='ocrx_word' id='word_1_75' title='bbox 619 1584 750 1646; x_wconf 86' lang='lat' dir='ltr'>muneris</span> <span class='ocrx_word' id='word_1_76' title='bbox 760 1584 857 1661; x_wconf 86' lang='lat' dir='ltr'>undis,</span> 
     </span>
    </p>

    <p class='ocr_par' dir='ltr' id='par_1_10' title="bbox 184 1674 942 1860">
     <span class='ocr_line' id='line_1_14' title="bbox 184 1674 847 1762; baseline 0.005 -23"><span class='ocrx_word' id='word_1_77' title='bbox 184 1674 286 1741; x_wconf 84' lang='lat' dir='ltr'>Fusile</span> <span class='ocrx_word' id='word_1_78' title='bbox 302 1699 356 1762; x_wconf 90' lang='lat' dir='ltr'>per</span> <span class='ocrx_word' id='word_1_79' title='bbox 369 1679 459 1743; x_wconf 88' lang='lat' dir='ltr'>rictus</span> <span class='ocrx_word' id='word_1_80' title='bbox 473 1700 575 1741; x_wconf 87' lang='lat' dir='ltr'>aurum</span> <span class='ocrx_word' id='word_1_81' title='bbox 592 1680 706 1742; x_wconf 88' lang='lat' dir='ltr'>fluitare</span> <span class='ocrx_word' id='word_1_82' title='bbox 720 1680 847 1743; x_wconf 86' lang='lat' dir='ltr'>videres.</span> 
     </span>
     <span class='ocr_line' id='line_1_15' title="bbox 226 1774 942 1860; baseline 0.004 -24"><span class='ocrx_word' id='word_1_83' title='bbox 226 1774 378 1837; x_wconf 84' lang='lat' dir='ltr'>Attonitus</span> <span class='ocrx_word' id='word_1_84' title='bbox 393 1776 523 1839; x_wconf 87' lang='lat' dir='ltr'>novitate</span> <span class='ocrx_word' id='word_1_85' title='bbox 538 1776 616 1853; x_wconf 82' lang='lat' dir='ltr'>malt,</span> <span class='ocrx_word' id='word_1_86' title='bbox 631 1776 784 1860; x_wconf 86' lang='lat' dir='ltr'>divesque,</span> <span class='ocrx_word' id='word_1_87' title='bbox 795 1776 942 1860; x_wconf 84' lang='lat' dir='ltr'>miserque</span> 
     </span>
    </p>
   </div>
   <div class='ocr_carea' id='block_1_5' title="bbox 66 1863 1013 1958">
    <p class='ocr_par' dir='ltr' id='par_1_11' title="bbox 66 1863 1013 1958">
     <span class='ocr_line' id='line_1_16' title="bbox 66 1863 1013 1958; baseline 0.005 -23"><span class='ocrx_word' id='word_1_88' title='bbox 66 1900 70 1911; x_wconf 90' lang='lat'>·</span> <span class='ocrx_word' id='word_1_89' title='bbox 184 1870 326 1955; x_wconf 79' lang='lat' dir='ltr'>Efflrgere</span> <span class='ocrx_word' id='word_1_90' title='bbox 341 1886 425 1957; x_wconf 89' lang='lat' dir='ltr'>optat</span> <span class='ocrx_word' id='word_1_91' title='bbox 438 1863 528 1957; x_wconf 84' lang='lat' dir='ltr'>opes:</span> <span class='ocrx_word' id='word_1_92' title='bbox 551 1886 592 1951; x_wconf 91' lang='lat' dir='ltr'>et,</span> <span class='ocrx_word' id='word_1_93' title='bbox 608 1895 673 1958; x_wconf 76' lang='lat' dir='ltr'>qus</span> <span class='ocrx_word' id='word_1_94' title='bbox 686 1873 777 1938; x_wconf 80' lang='lat' dir='ltr'>modb</span> <span class='ocrx_word' id='word_1_95' title='bbox 791 1888 923 1951; x_wconf 84' lang='lat' dir='ltr'>voverat,</span> <span class='ocrx_word' id='word_1_96' title='bbox 937 1873 1013 1941; x_wconf 79' lang='lat' dir='ltr'>o&#39;dit.</span> 
     </span>
    </p>
   </div>
   <div class='ocr_carea' id='block_1_6' title="bbox 184 1967 933 2053">
    <p class='ocr_par' dir='ltr' id='par_1_12' title="bbox 184 1967 933 2053">
     <span class='ocr_line' id='line_1_17' title="bbox 184 1967 933 2053; baseline 0.003 -22"><span class='ocrx_word' id='word_1_97' title='bbox 184 1967 283 2053; x_wconf 86' lang='lat' dir='ltr'>Copia</span> <span class='ocrx_word' id='word_1_98' title='bbox 296 1971 377 2033; x_wconf 88' lang='lat' dir='ltr'>nulla</span> <span class='ocrx_word' id='word_1_99' title='bbox 391 1969 499 2035; x_wconf 86' lang='lat' dir='ltr'>samem</span> <span class='ocrx_word' id='word_1_100' title='bbox 514 1972 642 2034; x_wconf 85' lang='lat' dir='ltr'>relevat:</span> <span class='ocrx_word' id='word_1_101' title='bbox 665 1971 727 2033; x_wconf 89' lang='lat' dir='ltr'>sitis</span> <span class='ocrx_word' id='word_1_102' title='bbox 741 1970 821 2033; x_wconf 81' lang='lat' dir='ltr'>arida</span> <span class='ocrx_word' id='word_1_103' title='bbox 834 1984 933 2053; x_wconf 81' lang='lat' dir='ltr'>guttur</span> 
     </span>
    </p>
   </div>
   <div class='ocr_carea' id='block_1_7' title="bbox 183 2060 1013 2245">
    <p class='ocr_par' dir='ltr' id='par_1_13' title="bbox 183 2060 1013 2245">
     <span class='ocr_line' id='line_1_18' title="bbox 183 2060 858 2152; baseline -0.003 -21"><span class='ocrx_word' id='word_1_104' title='bbox 183 2062 262 2144; x_wconf 89' lang='lat' dir='ltr'>Urit,</span> <span class='ocrx_word' id='word_1_105' title='bbox 277 2080 308 2129; x_wconf 91' lang='lat' dir='ltr'>et</span> <span class='ocrx_word' id='word_1_106' title='bbox 321 2060 414 2130; x_wconf 88' lang='lat' dir='ltr'>inviso</span> <span class='ocrx_word' id='word_1_107' title='bbox 428 2068 547 2131; x_wconf 87' lang='lat' dir='ltr'>meritus</span> <span class='ocrx_word' id='word_1_108' title='bbox 562 2081 713 2152; x_wconf 90' lang='lat' dir='ltr'>torquetur</span> <span class='ocrx_word' id='word_1_109' title='bbox 726 2067 763 2129; x_wconf 88' lang='lat' dir='ltr'>ab</span> <span class='ocrx_word' id='word_1_110' title='bbox 776 2087 858 2129; x_wconf 89' lang='lat' dir='ltr'>auro.</span> 
     </span>
     <span class='ocr_line' id='line_1_19' title="bbox 184 2159 1013 2245; baseline 0.001 -24"><span class='ocrx_word' id='word_1_111' title='bbox 184 2159 234 2221; x_wconf 89' lang='lat' dir='ltr'>Ad</span> <span class='ocrx_word' id='word_1_112' title='bbox 249 2162 418 2245; x_wconf 86' lang='lat' dir='ltr'>coelumque</span> <span class='ocrx_word' id='word_1_113' title='bbox 433 2183 537 2225; x_wconf 89' lang='lat' dir='ltr'>manus</span> <span class='ocrx_word' id='word_1_114' title='bbox 552 2175 583 2224; x_wconf 91' lang='lat' dir='ltr'>et</span> <span class='ocrx_word' id='word_1_115' title='bbox 596 2161 751 2244; x_wconf 88' lang='lat' dir='ltr'>splendida</span> <span class='ocrx_word' id='word_1_116' title='bbox 764 2161 883 2223; x_wconf 80' lang='lat' dir='ltr'>brachia</span> <span class='ocrx_word' id='word_1_117' title='bbox 895 2160 1013 2238; x_wconf 84' lang='lat' dir='ltr'>tollens,</span> 
     </span>
    </p>
   </div>
   <div class='ocr_carea' id='block_1_8' title="bbox 182 2255 1039 3597">
    <p class='ocr_par' dir='ltr' id='par_1_14' title="bbox 182 2255 1039 3597">
     <span class='ocr_line' id='line_1_20' title="bbox 184 2255 1005 2340; baseline 0.001 -21"><span class='ocrx_word' id='word_1_118' title='bbox 184 2256 253 2319; x_wconf 85' lang='lat' dir='ltr'>‘Da</span> <span class='ocrx_word' id='word_1_119' title='bbox 267 2257 393 2335; x_wconf 89' lang='lat' dir='ltr'>veniam,</span> <span class='ocrx_word' id='word_1_120' title='bbox 409 2256 519 2321; x_wconf 73' lang='lat' dir='ltr'>lenam</span> <span class='ocrx_word' id='word_1_121' title='bbox 534 2271 635 2340; x_wconf 89' lang='lat' dir='ltr'>pater;</span> <span class='ocrx_word' id='word_1_122' title='bbox 657 2256 868 2340; x_wconf 85' lang='lat' dir='ltr'>peccavimus,’</span> <span class='ocrx_word' id='word_1_123' title='bbox 883 2255 1005 2340; x_wconf 79' lang='lat' dir='ltr'>inquitt·</span> 
     </span>
     <span class='ocr_line' id='line_1_21' title="bbox 184 2352 1005 2441; baseline 0.002 -26"><span class='ocrx_word' id='word_1_124' title='bbox 184 2352 265 2415; x_wconf 88' lang='lat' dir='ltr'>‘Sed</span> <span class='ocrx_word' id='word_1_125' title='bbox 280 2354 427 2432; x_wconf 88' lang='lat' dir='ltr'>miserare,</span> <span class='ocrx_word' id='word_1_126' title='bbox 442 2375 556 2438; x_wconf 86' lang='lat' dir='ltr'>precor,</span> <span class='ocrx_word' id='word_1_127' title='bbox 571 2354 766 2441; x_wconf 86' lang='lat' dir='ltr'>speciosoque</span> <span class='ocrx_word' id='word_1_128' title='bbox 779 2354 861 2437; x_wconf 86' lang='lat' dir='ltr'>eripe</span> <span class='ocrx_word' id='word_1_129' title='bbox 874 2353 1005 2417; x_wconf 63' lang='lat' dir='ltr'>damno?</span> 
     </span>
     <span class='ocr_line' id='line_1_22' title="bbox 182 2447 958 2535; baseline 0.003 -22"><span class='ocrx_word' id='word_1_130' title='bbox 182 2450 261 2513; x_wconf 90' lang='lat' dir='ltr'>Mite</span> <span class='ocrx_word' id='word_1_131' title='bbox 275 2450 366 2513; x_wconf 80' lang='lat' dir='ltr'>delun</span> <span class='ocrx_word' id='word_1_132' title='bbox 379 2473 489 2515; x_wconf 90' lang='lat' dir='ltr'>numen</span> <span class='ocrx_word' id='word_1_133' title='bbox 503 2451 644 2515; x_wconf 87' lang='lat' dir='ltr'>Bacchus</span> <span class='ocrx_word' id='word_1_134' title='bbox 658 2452 800 2535; x_wconf 75' lang='lat' dir='ltr'>peccrlsse</span> <span class='ocrx_word' id='word_1_135' title='bbox 811 2447 958 2515; x_wconf 77' lang='lat' dir='ltr'>&#39;latentem</span> 
     </span>
     <span class='ocr_line' id='line_1_23' title="bbox 183 2546 982 2632; baseline 0 -21"><span class='ocrx_word' id='word_1_136' title='bbox 183 2546 336 2625; x_wconf 88' lang='lat' dir='ltr'>Restituit,</span> <span class='ocrx_word' id='word_1_137' title='bbox 351 2562 528 2632; x_wconf 76' lang='lat' dir='ltr'>pactumque</span> <span class='ocrx_word' id='word_1_138' title='bbox 543 2548 641 2627; x_wconf 88' lang='lat' dir='ltr'>fidem,</span> <span class='ocrx_word' id='word_1_139' title='bbox 656 2549 726 2611; x_wconf 85' lang='lat' dir='ltr'>data</span> <span class='ocrx_word' id='word_1_140' title='bbox 737 2569 871 2626; x_wconf 86' lang='lat' dir='ltr'>munera,</span> <span class='ocrx_word' id='word_1_141' title='bbox 885 2548 982 2611; x_wconf 81' lang='lat' dir='ltr'>solvit.</span> 
     </span>
     <span class='ocr_line' id='line_1_24' title="bbox 185 2644 922 2737; baseline 0 -30"><span class='ocrx_word' id='word_1_142' title='bbox 185 2644 290 2737; x_wconf 71' lang='lat' dir='ltr'>‘Neve</span> <span class='ocrx_word' id='word_1_143' title='bbox 304 2646 382 2707; x_wconf 77' lang='lat' dir='ltr'>male</span> <span class='ocrx_word' id='word_1_144' title='bbox 397 2658 500 2728; x_wconf 88' lang='lat' dir='ltr'>optato</span> <span class='ocrx_word' id='word_1_145' title='bbox 513 2665 633 2707; x_wconf 82' lang='lat' dir='ltr'>maneas</span> <span class='ocrx_word' id='word_1_146' title='bbox 646 2646 826 2708; x_wconf 87' lang='lat' dir='ltr'>circumlitus</span> <span class='ocrx_word' id='word_1_147' title='bbox 840 2666 922 2723; x_wconf 87' lang='lat' dir='ltr'>auro,</span> 
     </span>
     <span class='ocr_line' id='line_1_25' title="bbox 185 2741 1006 2824; baseline 0 -19"><span class='ocrx_word' id='word_1_148' title='bbox 185 2742 293 2821; x_wconf 91' lang='lat' dir='ltr'>Vade,&#39;</span> <span class='ocrx_word' id='word_1_149' title='bbox 309 2744 359 2820; x_wconf 86' lang='lat' dir='ltr'>ait,</span> <span class='ocrx_word' id='word_1_150' title='bbox 374 2742 430 2805; x_wconf 88' lang='lat' dir='ltr'>‘ad</span> <span class='ocrx_word' id='word_1_151' title='bbox 444 2742 557 2824; x_wconf 84' lang='lat' dir='ltr'>magnis</span> <span class='ocrx_word' id='word_1_152' title='bbox 571 2742 699 2804; x_wconf 89' lang='lat' dir='ltr'>vicinum</span> <span class='ocrx_word' id='word_1_153' title='bbox 715 2741 855 2805; x_wconf 89' lang='lat' dir='ltr'>Sardibus</span> <span class='ocrx_word' id='word_1_154' title='bbox 869 2759 1006 2819; x_wconf 83' lang='lat' dir='ltr'>amnem3</span> 
     </span>
     <span class='ocr_line' id='line_1_26' title="bbox 183 2838 935 2925; baseline -0.003 -22"><span class='ocrx_word' id='word_1_155' title='bbox 183 2839 303 2924; x_wconf 89' lang='lat' dir='ltr'>Perque</span> <span class='ocrx_word' id='word_1_156' title='bbox 314 2840 419 2925; x_wconf 86' lang='lat' dir='ltr'>jugum</span> <span class='ocrx_word' id='word_1_157' title='bbox 434 2840 541 2903; x_wconf 90' lang='lat' dir='ltr'>montis</span> <span class='ocrx_word' id='word_1_158' title='bbox 554 2838 719 2901; x_wconf 76' lang='lat' dir='ltr'>labentdtus</span> <span class='ocrx_word' id='word_1_159' title='bbox 732 2839 836 2901; x_wconf 87' lang='lat' dir='ltr'>obvius</span> <span class='ocrx_word' id='word_1_160' title='bbox 849 2838 935 2901; x_wconf 89' lang='lat' dir='ltr'>undis</span> 
     </span>
     <span class='ocr_line' id='line_1_27' title="bbox 184 2932 930 3020; baseline -0.007 -20"><span class='ocrx_word' id='word_1_161' title='bbox 184 2936 286 3020; x_wconf 84' lang='lat' dir='ltr'>Carpe</span> <span class='ocrx_word' id='word_1_162' title='bbox 301 2936 397 3014; x_wconf 83' lang='lat' dir='ltr'>viem3</span> <span class='ocrx_word' id='word_1_163' title='bbox 420 2936 515 2999; x_wconf 88' lang='lat' dir='ltr'>donec</span> <span class='ocrx_word' id='word_1_164' title='bbox 530 2934 630 2997; x_wconf 87' lang='lat' dir='ltr'>venias</span> <span class='ocrx_word' id='word_1_165' title='bbox 645 2932 684 2995; x_wconf 87' lang='lat' dir='ltr'>ad</span> <span class='ocrx_word' id='word_1_166' title='bbox 698 2933 825 2997; x_wconf 86' lang='lat' dir='ltr'>fluminis</span> <span class='ocrx_word' id='word_1_167' title='bbox 839 2947 930 2996; x_wconf 86' lang='lat' dir='ltr'>ortus.</span> 
     </span>
     <span class='ocr_line' id='line_1_28' title="bbox 184 3030 922 3118; baseline -0.003 -23"><span class='ocrx_word' id='word_1_168' title='bbox 184 3032 410 3118; x_wconf 85' lang='lat' dir='ltr'>Spumiseroque</span> <span class='ocrx_word' id='word_1_169' title='bbox 425 3047 508 3096; x_wconf 89' lang='lat' dir='ltr'>tuum</span> <span class='ocrx_word' id='word_1_170' title='bbox 522 3031 605 3109; x_wconf 84' lang='lat' dir='ltr'>sonti,</span> <span class='ocrx_word' id='word_1_171' title='bbox 619 3031 681 3116; x_wconf 77' lang='lat' dir='ltr'>quit</span> <span class='ocrx_word' id='word_1_172' title='bbox 695 3030 835 3115; x_wconf 86' lang='lat' dir='ltr'>plurimus</span> <span class='ocrx_word' id='word_1_173' title='bbox 849 3031 922 3108; x_wconf 85' lang='lat' dir='ltr'>exit,</span> 
     </span>
     <span class='ocr_line' id='line_1_29' title="bbox 185 3127 1039 3214; baseline 0.002 -23"><span class='ocrx_word' id='word_1_174' title='bbox 185 3130 286 3192; x_wconf 91' lang='lat' dir='ltr'>Subde</span> <span class='ocrx_word' id='word_1_175' title='bbox 300 3144 407 3214; x_wconf 88' lang='lat' dir='ltr'>caput:</span> <span class='ocrx_word' id='word_1_176' title='bbox 430 3150 595 3212; x_wconf 88' lang='lat' dir='ltr'>corpusque</span> <span class='ocrx_word' id='word_1_177' title='bbox 610 3128 708 3205; x_wconf 90' lang='lat' dir='ltr'>simul,</span> <span class='ocrx_word' id='word_1_178' title='bbox 723 3128 809 3190; x_wconf 90' lang='lat' dir='ltr'>simul</span> <span class='ocrx_word' id='word_1_179' title='bbox 824 3128 892 3191; x_wconf 91' lang='lat' dir='ltr'>elue</span> <span class='ocrx_word' id='word_1_180' title='bbox 905 3127 1039 3193; x_wconf 68' lang='lat' dir='ltr'>crimen?</span> 
     </span>
     <span class='ocr_line' id='line_1_30' title="bbox 185 3221 913 3309; baseline -0.001 -22"><span class='ocrx_word' id='word_1_181' title='bbox 185 3224 257 3299; x_wconf 81' lang='lat' dir='ltr'>Rex</span> <span class='ocrx_word' id='word_1_182' title='bbox 265 3224 353 3309; x_wconf 78' lang='lat' dir='ltr'>juss‘ae</span> <span class='ocrx_word' id='word_1_183' title='bbox 367 3224 504 3289; x_wconf 87' lang='lat' dir='ltr'>succedit</span> <span class='ocrx_word' id='word_1_184' title='bbox 514 3244 608 3306; x_wconf 75' lang='lat' dir='ltr'>aque.</span> <span class='ocrx_word' id='word_1_185' title='bbox 653 3221 709 3285; x_wconf 74' lang='lat' dir='ltr'>Vns</span> <span class='ocrx_word' id='word_1_186' title='bbox 723 3243 811 3285; x_wconf 86' lang='lat' dir='ltr'>aurea</span> <span class='ocrx_word' id='word_1_187' title='bbox 827 3223 913 3286; x_wconf 81' lang='lat' dir='ltr'>tinxit</span> 
     </span>
     <span class='ocr_line' id='line_1_31' title="bbox 184 3319 984 3403; baseline -0.004 -18"><span class='ocrx_word' id='word_1_188' title='bbox 184 3322 323 3399; x_wconf 84' lang='lat' dir='ltr'>Flumen,</span> <span class='ocrx_word' id='word_1_189' title='bbox 335 3336 365 3385; x_wconf 91' lang='lat' dir='ltr'>et</span> <span class='ocrx_word' id='word_1_190' title='bbox 379 3322 508 3385; x_wconf 90' lang='lat' dir='ltr'>humano</span> <span class='ocrx_word' id='word_1_191' title='bbox 523 3320 560 3381; x_wconf 92' lang='lat' dir='ltr'>de</span> <span class='ocrx_word' id='word_1_192' title='bbox 574 3340 697 3403; x_wconf 88' lang='lat' dir='ltr'>corpore</span> <span class='ocrx_word' id='word_1_193' title='bbox 710 3319 799 3382; x_wconf 88' lang='lat' dir='ltr'>cessit</span> <span class='ocrx_word' id='word_1_194' title='bbox 811 3320 840 3381; x_wconf 90' lang='lat' dir='ltr'>in</span> <span class='ocrx_word' id='word_1_195' title='bbox 855 3340 984 3383; x_wconf 85' lang='lat' dir='ltr'>amnem.</span> 
     </span>
     <span class='ocr_line' id='line_1_32' title="bbox 185 3416 985 3503; baseline -0.003 -22"><span class='ocrx_word' id='word_1_196' title='bbox 185 3417 274 3482; x_wconf 90' lang='lat' dir='ltr'>Nunc</span> <span class='ocrx_word' id='word_1_197' title='bbox 289 3440 406 3502; x_wconf 90' lang='lat' dir='ltr'>quoque</span> <span class='ocrx_word' id='word_1_198' title='bbox 418 3418 480 3503; x_wconf 89' lang='lat' dir='ltr'>jam</span> <span class='ocrx_word' id='word_1_199' title='bbox 496 3416 603 3482; x_wconf 87' lang='lat' dir='ltr'>veteris</span> <span class='ocrx_word' id='word_1_200' title='bbox 618 3429 761 3498; x_wconf 81' lang='lat' dir='ltr'>percepto</span> <span class='ocrx_word' id='word_1_201' title='bbox 775 3416 887 3478; x_wconf 89' lang='lat' dir='ltr'>semine</span> <span class='ocrx_word' id='word_1_202' title='bbox 902 3438 985 3479; x_wconf 77' lang='lat' dir='ltr'>venre</span> 
     </span>
     <span class='ocr_line' id='line_1_33' title="bbox 185 3513 884 3597; baseline -0.003 -20"><span class='ocrx_word' id='word_1_203' title='bbox 185 3515 268 3577; x_wconf 85' lang='lat' dir='ltr'>Arva</span> <span class='ocrx_word' id='word_1_204' title='bbox 281 3515 384 3597; x_wconf 87' lang='lat' dir='ltr'>rigent,</span> <span class='ocrx_word' id='word_1_205' title='bbox 399 3536 470 3577; x_wconf 88' lang='lat' dir='ltr'>auro</span> <span class='ocrx_word' id='word_1_206' title='bbox 483 3514 608 3577; x_wconf 86' lang='lat' dir='ltr'>madidis</span> <span class='ocrx_word' id='word_1_207' title='bbox 622 3513 762 3596; x_wconf 84' lang='lat' dir='ltr'>pallentia</span> <span class='ocrx_word' id='word_1_208' title='bbox 774 3513 884 3595; x_wconf 65' lang='lat' dir='ltr'>glebis</span> 
     </span>
    </p>
   </div>
   <div class='ocr_carea' id='block_1_9' title="bbox 0 0 1322 4259">
    <p class='ocr_par' dir='ltr' id='par_1_15' title="bbox 0 0 1322 4259">
     <span class='ocr_line' id='line_1_34' title="bbox 0 0 1322 4259; baseline 0 0"><span class='ocrx_word' id='word_1_209' title='bbox 0 0 1322 4259; x_wconf 95' lang='lat' dir='ltr'> </span> 
     </span>
    </p>
   </div>
  </div>
 </body>
</html>
