2634 4259
148 390 210 451 112
459 391 805 445 METAMORPHOSEON

146 542 198 621 Et,
212 544 275 606 sine
289 564 350 621 me,
364 564 413 605 me
428 557 539 626 pontus⁸
549 543 649 604 habet.
694 538 852 603 Cmdelior
864 537 930 621 ipso
946 562 950 569 ¹
1075 533 1078 538 ’

145 638 191 701 Sit
204 640 277 701 mihi
291 660 375 701 mens
389 640 506 722 pelago,
520 640 545 701 si
559 639 650 700 vitam
664 637 773 699 ducere
786 636 863 697 nitar

145 734 288 817 Longius,
303 746 336 797 et
348 748 430 797 tanto
444 753 575 818 pugnem
589 752 744 816 superesse
758 732 862 794 dolori.

145 832 207 893 Sed
222 828 319 915 neque
334 832 491 916 pugnabo:
513 852 569 894 nec
583 845 625 907 te,
638 830 815 906 miserande,
828 828 1007 911 relinquam:

145 926 187 991 Et
202 928 254 990 tibi
267 950 346 991 nunc
360 929 464 990 saltem
480 927 596 989 veniam
610 947 729 989 comes:
751 925 840 1009 inque
854 925 1000 1007 sepulum,
1021 985 1024 990 .

145 1020 252 1086 Sinon
266 1045 350 1100 uma,
364 1037 464 1085 tamen
474 1022 580 1107 junget
593 1038 648 1085 nos
660 1023 764 1099 litera;
785 1022 883 1083 sinon

144 1119 269 1183 Ossibus
284 1142 351 1183 osse
364 1120 449 1197 meis,
464 1133 494 1182 et
506 1141 616 1181 nomen
629 1120 749 1181 nomine
762 1116 904 1199 tangam!

144 1215 237 1278 Plura
251 1217 334 1279 dolor
348 1216 484 1299 prohibet
493 1237 509 1293 3·
523 1216 673 1299 verboque
688 1215 843 1277 intervenit
857 1214 937 1276 omni
989 1238 998 1255 *
1052 1213 1116 1275 345

144 1312 292 1393 Plangor:
316 1326 346 1375 et
359 1313 484 1375 attonito
497 1313 623 1395 gemitus
637 1333 655 1373 e
668 1312 759 1374 corde
773 1312 937 1373 trahuntur.
973 1359 976 1365 ,
993 1334 996 1337 ·

174 1404 280 1471 rMane
295 1422 374 1471 erat:
397 1408 543 1491 egreditur
556 1407 642 1482 tectis
656 1408 695 1472 ad
708 1407 807 1470 littus:
829 1420 860 1470 et
875 1407 957 1469 illum

144 1503 259 1571 Moesta
272 1506 371 1568 locum
386 1505 503 1589 repetit,
518 1506 556 1569 de
572 1525 632 1587 quo
644 1504 792 1588 spectfimt
805 1517 937 1566 euntem.
981 1496 986 1501 ⁸
1028 1552 1031 1555 .

145 1600 300 1685 Dumque,
315 1599 468 1663 ‘Moratus
482 1601 522 1663 ibi
532 1601 551 1678 3'
573 1601 715 1687 dumque,
731 1598 810 1662 ‘llic
823 1600 984 1663 retinacula
997 1599 1094 1673 solvit,

145 1695 214 1761 Hoc
230 1698 302 1759 mihi
316 1698 470 1759 discedens
484 1697 566 1759 dedit
579 1696 681 1759 oscula
694 1696 811 1773 littore,’
822 1696 903 1771 dicit,
937 1721 944 1727 ·
1051 1686 1117 1757 350

148 1792 304 1877 [Dumque
318 1806 419 1856 notata
431 1794 522 1856 oculis
534 1793 729 1858 reminiscitur
742 1806 819 1870 acta,
833 1790 1011 1874 fretumque]

145 1888 311 1974 Prospicit;
333 1892 362 1952 in
375 1890 497 1974 liquidis,
511 1890 606 1974 spatio
620 1889 757 1967 distante,
771 1901 870 1951 tuetur
886 1926 891 1931 ·

146 1984 258 2049 Nescio
273 1986 353 2070 quid,
369 1987 450 2070 quasi
464 2007 582 2068 corpus,
597 1985 692 2069 aquia:
715 1985 880 2068 primdque,
895 1982 965 2066 quid
979 1982 1049 2044 illud

146 2080 245 2159 Esset,
262 2095 323 2145 erat
339 2083 470 2145 dubium.
515 2082 679 2164 Postquam
692 2080 782 2163 panld
796 2080 910 2162 appulit
923 2077 1003 2140 unda
1011 2099 1033 2154 ς’

147 2177 199 2256 Et,
215 2180 347 2261 quamvis
362 2179 471 2254 aberat,
486 2198 593 2259 corpus
607 2190 707 2237 tamen
720 2197 786 2237 esse
799 2175 930 2258 liquebat
939 2196 961 2251 ;·
1053 2175 1117 2237 355
1140 2234 1144 2240 .

98 2298 102 2304 ·
146 2273 212 2347 Qui
226 2274 310 2351 soret,
326 2275 471 2357 ignorans,
486 2273 554 2357 quia
567 2270 734 2353 naufragus,
748 2272 846 2334 omine
860 2285 942 2334 mota
955 2284 1011 2347 est,

147 2368 188 2433 Et
214 2385 353 2455 tanquam
378 2370 478 2454 ignoto
505 2370 667 2453 lacrymam
695 2369 789 2446 daret,
813 2366 914 2445 ‘Heu,
937 2366 1047 2444 mser:
1072 2366 1118 2429 in·

275 2480 349 2551 quit,

106 2620 114 2637 ,
147 2562 310 2647 ‘Quisquis
325 2584 368 2641 es,
383 2577 414 2639 et
436 2562 461 2624 si
484 2555 609 2645 qua⁸est
630 2560 741 2646 conjux
763 2560 847 2624 tibil'
891 2558 1046 2623 Fluctibus
1066 2579 1117 2621 ac-

275 2671 339 2721 tum
377 2690 381 2693 .

146 2754 198 2819 Fit
212 2756 332 2839 propius
346 2762 463 2837 corpus.
507 2751 601 2825 Quod
616 2774 676 2838 quo
688 2751 781 2834 magis
795 2752 844 2815 illa
856 2765 966 2828 tuetur,
1091 2778 1095 2781 ·
1143 2780 1146 2785 ·

147 2850 216 2915 Hoc
230 2851 337 2929 minis,
352 2864 382 2912 et
396 2848 492 2934 minus
506 2862 551 2911 est
565 2868 667 2911 eruens
680 2870 743 2911 sua.
786 2837 915 2933 Jamque
929 2849 1099 2932 propinque

73 2955 75 2961 ’
147 2947 312 3010 Admotum
327 2944 494 3031 terrae‚jam
509 2945 587 3029 qnod
602 2966 781 3027 cognoscere
795 2958 906 3028 posset,
1053 2945 1114 3008 361

147 3044 264 3107 Cernit.
309 3042 383 3105 Erat
396 3042 515 3126 conjux.
561 3041 634 3105 ‘Ille
649 3042 715 3120 est,’
730 3042 895 3110 exclamat:
918 3054 949 3104 et
961 3040 1024 3105 unb

148 3140 221 3216 Ora,
234 3160 345 3216 comas,
361 3151 474 3201 vestem
487 3138 613 3200 lacerat:
636 3138 819 3220 tendensque
832 3150 992 3212 trementes

148 3236 199 3298 Ad
214 3233 322 3317 Cie'yoa
335 3255 448 3310 manus,
463 3232 542 3309 ‘Sic,
557 3252 576 3294 o
590 3233 737 3294 carissime
751 3232 872 3316 conjux,

149 3331 199 3394 Sic
214 3330 251 3391 ad
265 3350 325 3408 me,
339 3327 515 3404 miserande,
529 3328 605 3389 redis
614 3327 636 3389 ?'
660 3328 710 3389 ait.
754 3327 884 3410 Adjecet
897 3328 983 3391 undis
1055 3329 1119 3392 365

132 3514 134 3521 Α
149 3426 243 3490 Facta
257 3446 347 3489 manu
360 3425 470 3487 moles:
494 3445 556 3508 quae
572 3423 679 3506 primas
694 3419 816 3506 aeq¹1⁰ff⁵
830 3415 895 3516 Μ

619 3722 646 3803 ‘t'

647 3820 707 3949 'a
