2634 4259
159 332 200 395 18
467 341 815 392 unrnuonruosnou

157 488 247 566 ‘Fen
260 487 365 573 pater,'
381 488 484 572 inquit,
499 496 508 526 ‘
516 510 624 577 opem;
645 490 670 552 si
684 489 806 551 flumina
819 511 928 552 numen
943 490 1081 554 habetis?

157 585 219 649 Vnt
234 608 324 669 prece
338 586 429 664 finita,
444 599 544 669 torpor
557 588 652 669 gravis
667 587 765 668 alligat
779 604 876 650 artus:
1067 592 1128 654 491

155 680 261 745 Mollia
274 683 430 766 cinguntur
444 682 526 746 tenui
541 673 700 766 praecordia
713 683 803 746 libro:

155 777 191 841 In
206 778 337 841 frondem
352 779 458 857 crines,
473 779 502 842 iu
518 801 613 843 ramos
627 780 749 842 brachia
761 793 908 843 crescunt.

155 874 227 952 Pes,
240 864 330 938 modb
344 890 406 938 tam
420 877 519 954 velox,
534 876 622 961 pigris
637 877 784 939 radicibus
798 877 906 939 haret:

156 971 218 1036 Ora
232 992 375 1035 cacumen
388 973 470 1037 obit:
491 988 625 1036 remanet
638 974 715 1037 nitor
728 995 804 1037 unus
818 974 849 1037 in
862 973 925 1037 illt.
1067 975 1133 1039 495

156 1067 216 1133 Cui
231 1068 314 1147 deus,
330 1058 392 1132 ‘At
404 1069 515 1156 conjux
531 1071 670 1155 quoniam
683 1092 752 1133 mea
765 1093 825 1134 non
839 1084 925 1154 potes
940 1088 1018 1148 esse,

156 1166 254 1230 Arbor
267 1166 323 1230 eris
338 1167 441 1245 certe?
457 1167 541 1245 dixit,
556 1175 651 1231 ‘mea
696 1167 824 1253 Semper
837 1168 989 1231 habebunt

155 1264 204 1327 Te
218 1286 315 1341 coma,
328 1277 358 1329 te
373 1265 503 1341 cithare,
517 1279 547 1327 te
562 1266 785 1343 nostrae,1aure,
800 1266 954 1349 pharetrae.

155 1361 206 1424 Tu
221 1361 344 1425 ducibus
359 1360 452 1425 Latiis
467 1361 572 1440 aderis,
586 1363 655 1426 cum
670 1363 737 1426 lata
749 1361 933 1446 triumphum

156 1456 228 1521 Vox
242 1473 347 1536 canet3
369 1473 401 1522 et
413 1459 506 1541 longae
522 1458 618 1522 visent
632 1458 782 1543 Capitolia
796 1477 924 1542 pompe.
1069 1460 1133 1523 500

155 1554 294 1619 Postibus
309 1556 452 1638 Augustis
466 1556 572 1619 eadem
585 1556 725 1619 fidissima
738 1569 838 1619 custos

155 1652 237 1716 Ante
252 1652 328 1716 sores
343 1653 450 1730 stabis3
472 1653 658 1736 mediamque
673 1654 796 1715 tuebere
811 1658 969 1737 quercum.-

152 1748 258 1834 ¹thue
272 1772 374 1813 meum
388 1750 509 1813 intonsis
522 1763 673 1833 caputest
682 1748 816 1835 juvenile
830 1750 961 1834 capillis,

155 1846 205 1909 Tu
221 1868 337 1931 quoque
353 1861 512 1931 perpetuos
526 1868 645 1935 semper
658 1868 727 1930 gere
743 1844 851 1909 frondis
865 1845 1016 1910 honores?

198 1941 330 2007 Finierat
344 1943 446 2007 Paean.
490 1942 593 2008 Factis
605 1944 696 2007 modo
709 1944 811 2008 laurea
823 1945 912 2008 ramis
1069 1944 1133 2008 505

155 2038 286 2105 Annuit:
309 2056 401 2127 utque
415 2057 516 2127 caput,
532 2043 594 2105 visa
608 2056 653 2106 est
667 2043 793 2125 agitbsse
807 2063 964 2107 cacumen.

527 2294 560 2337 10
582 2292 625 2336 H
646 2293 762 2338 nous.

582 2476 612 2518 v.
628 2457 703 2519 625.
760 2534 764 2539 .

157 2624 289 2691 Centum
302 2626 461 2689 luminibus
474 2625 605 2689 cinctum
619 2638 711 2709 caput
727 2624 824 2708 Argius
838 2623 979 2687 habebat.

156 2722 230 2787 Inde
245 2724 304 2787 suis
319 2724 430 2787 vicibus
444 2722 602 2807 capiebant
615 2722 685 2784 bina
699 2721 847 2806 quietem:

156 2819 275 2884 Cetera
287 2821 453 2899 servabant,
468 2834 557 2904 atque
572 2820 602 2882 iu
616 2818 742 2883 statione
756 2819 924 2881 manebant.

157 2916 337 2981 Constiterat
352 2939 529 3002 quocunque
544 2916 652 2993 modo;
674 2917 828 3000 spectabat
843 2914 881 2978 ad
895 2913 951 2979 ln:
1069 2914 1134 2979 510

160 3015 239 3079 Ante
254 3016 354 3079 oculos
368 3014 415 3094 Io,
431 3016 564 3101 quamvis
579 3036 710 3093 aversus,
723 3015 861 3077 habebat.

156 3112 241 3197 Luce
251 3114 322 3176 sinit
337 3114 434 3199 pasci:
457 3115 527 3178 ciam
541 3114 584 3176 sol
598 3112 703 3176 tellure
719 3112 774 3174 sub
788 3110 849 3175 atta
862 3124 919 3189 est,

157 3208 289 3287 claudit,
305 3225 335 3273 et
349 3211 468 3294 indigno
482 3209 645 3274 circumdat
659 3209 777 3272 vincula
791 3208 879 3272 collo.
903 3231 908 3239 ·

157 3306 323 3369 Frondibus
339 3308 476 3385 arbuteis,
491 3321 522 3369 et
537 3306 636 3369 amarit
650 3306 779 3391 pascitur
791 3304 902 3368 herbit:

158 3401 276 3487 Proque
293 3418 367 3481 toro,
379 3419 475 3490 terra,
490 3426 549 3467 non
563 3424 683 3487 semper
695 3424 817 3485 gramen
831 3401 963 3479 habenti,
1069 3402 1135 3464 515

158 3500 282 3564 incubat
296 3501 416 3581 infelix3
437 3503 599 3586 limosaque
613 3500 736 3565 flumina
748 3513 841 3585 potat.
