2634 4259
565 392 675 447 mnan
689 391 737 447 rx.
773 456 777 463 .

163 540 256 607 Haud
270 543 354 607 aliter
367 542 506 626 graditur,
521 543 610 629 quiam
624 544 648 607 si
660 544 810 629 venabula
822 542 901 627 tigris

163 639 299 724 Corpore
313 639 373 703 fixa
387 653 479 723 gerat,
495 639 622 725 factique
637 639 777 725 refirgerit
788 656 902 705 auctor.

161 736 249 819 Saepe
264 737 347 799 illum
361 738 487 819 gemitus
503 736 653 815 edentem,
668 760 746 822 sepe
761 737 946 816 frementem,
985 791 988 795 Δ
1094 741 1141 803 ’70

160 832 249 921 Saepe
264 848 461 897 retentantem
475 848 550 897 totas
564 834 721 919 inliingere
737 849 846 913 vestm,

161 930 411 1015 sternentemque
425 932 533 1009 trabes,
547 932 781 1016 irascentemque
797 932 913 1000 videres

160 1026 325 1106 Montibus,
340 1041 391 1090 aut
404 1029 499 1112 patrio
511 1029 688 1095 tendentem
699 1029 820 1093 brachia
833 1031 922 1092 coelo.

136 1194 139 1198 ,
205 1127 367 1191 Arboribus
380 1128 473 1206 cesis,
489 1150 561 1213 quas
576 1128 666 1191 ardua
680 1143 811 1212 gestumr
825 1129 912 1208 OEte,

160 1222 256 1307 Inque
270 1245 376 1308 pyram
390 1225 516 1303 structis,
531 1245 616 1289 arcus
629 1226 857 1310 pharetramque
871 1247 1025 1311 capacem,
1092 1228 1137 1292 75

160 1318 329 1406 Regnaque
344 1321 455 1385 visuras
469 1322 574 1385 itcmm
589 1321 720 1407 Trojana
733 1324 862 1405 sagittae,
993 1339 995 1342 ·

160 1416 253 1480 Ferre
264 1417 352 1502 jubes
366 1417 487 1482 Paeante
502 1432 614 1484 satum:
639 1440 699 1502 quo
712 1418 833 1491 flamma
846 1420 980 1484 ministro

161 1512 302 1577 Subdita:
325 1514 456 1599 dumque
472 1515 563 1578 avidis
576 1514 796 1599 comprenditur
809 1516 925 1598 ignibus
938 1536 1046 1600 agger3

161 1611 342 1692 Congeriem
356 1611 436 1674 silvae
450 1610 481 1674 N
483 1632 594 1675 emeaeo
608 1612 719 1673 vellere
734 1623 894 1677 summam

160 1706 290 1769 Stemis:
314 1722 344 1770 et
359 1708 497 1793 imposita
511 1710 601 1773 clavae
615 1710 733 1772 cervice
745 1710 905 1787 recumbis,
970 1705 978 1717 '
1092 1710 1138 1775 80

161 1803 252 1867 Haud
267 1804 324 1867 alio
339 1806 432 1884 vultu,
449 1806 537 1890 quim
550 1806 575 1869 si
588 1806 716 1869 conviva
725 1805 852 1891 jaceres,

161 1901 241 1963 Inter
255 1902 344 1985 plena
357 1903 431 1965 meri
445 1903 596 1965 redimitus
607 1903 720 1987 pocula
732 1902 827 1964 sertis.

200 1998 331 2083 Jamque
347 2000 459 2078 valens,
474 1999 549 2062 etin
561 2021 649 2063 omne
664 2000 741 2061 latus
756 1998 863 2073 diffirsa
875 1999 1008 2078 sonabat,

162 2094 348 2181 Securasque
362 2096 451 2174 artus,
465 2100 760 2182 contemptoremque
774 2096 897 2181 petebat
940 2151 943 2154 ,

162 2190 299 2255 Flamma
312 2212 409 2261 suum.
452 2192 596 2257 Timudre
611 2195 659 2257 dei
674 2215 730 2278 pro
740 2193 856 2265 vindice
871 2208 965 2261 terrae.
1092 2194 1136 2259 85

162 2288 247 2362 Quos
258 2291 304 2353 ita
321 2290 425 2377 (sensit
440 2291 535 2376 enim)
551 2293 618 2355 laeto
632 2291 787 2355 Saturnius
801 2312 852 2354 ore
1020 2303 1023 2309 '

161 2385 180 2447 J
182 2388 279 2471 u'piter
292 2388 464 2471 alloquitur:
488 2388 616 2451 ‘Nostra
631 2388 778 2450 est'timor
791 2388 850 2451 iste·
862 2388 1007 2472 voluptas,

161 2482 191 2545 Ο
206 2486 322 2569 superi:
345 2498 467 2570 totoque
482 2485 575 2547 libens
589 2484 663 2547 mihi
676 2497 798 2569 pectore
812 2497 919 2567 grator,
992 2529 995 2532 -

162 2578 256 2655 Quod
270 2582 408 2646 memoris
422 2582 525 2666 populi
540 2582 789 2665 dicorrectorqne
801 2595 964 2667 paterque:

162 2677 204 2741 Et
218 2701 285 2743 mea
299 2680 455 2764 progenies
471 2693 567 2743 vestro
582 2700 700 2765 quoque
715 2694 779 2743 tuta
793 2680 893 2745 favore
908 2695 964 2744 est.
1094 2683 1137 2746 90

163 2774 242 2839 Nam
257 2798 424 2861 quanquam
438 2777 528 2861 ipsius
544 2777 629 2840 datur
643 2778 701 2841 hoc
716 2778 892 2843 immanibus
906 2779 997 2856 actis;
1168 2780 1174 2789 '

162 2870 286 2956 Obligor
300 2874 362 2957 ipse
377 2886 488 2937 tamen.
532 2874 594 2938 Sed
609 2876 699 2953 enirn,
713 2896 752 2937 ne
766 2889 888 2958 pectora
901 2897 978 2938 vano

162 2969 240 3033 Fida
252 2984 334 3032 matu
350 2986 488 3060 paveant,
503 2970 617 3049 OEtaeas
632 2972 763 3054 spernite
776 2970 921 3033 flammas.

162 3066 273 3130 Omnia
287 3068 336 3153 qui
351 3064 430 3145 vicit,
446 3069 555 3145 vincet,
572 3067 789 3151 quoscemitis,
803 3067 898 3150 ignes,

162 3164 229 3228 Nec
243 3166 298 3228 nisi
312 3164 445 3228 materna
459 3164 632 3232 Vulcanum
643 3160 727 3249 par'te
741 3179 895 3251 potentem
1094 3168 1136 3231 95

162 3263 288 3326 Sentiet.
332 3264 492 3326 AEtemurn.
505 3277 561 3341 est,
576 3284 594 3325 a
607 3284 656 3326 me
671 3264 751 3349 quod
766 3264 865 3340 traxit,
880 3276 911 3326 et
920 3284 1045 3347 expers,

162 3361 264 3445 Atque
279 3362 409 3424 immune
424 3362 515 3440 necis,
529 3362 671 3445 nullique
685 3361 831 3425 domabile
846 3360 978 3425 flammi.-

162 3458 255 3543 quue
272 3482 327 3541 ego
343 3458 513 3523 defunctum
529 3458 606 3523 tent
619 3458 793 3523 coelestibus
803 3458 860 3521 oris
932 3515 938 3527 ,
1012 3494 1021 3509 ·

76 3608 80 3617 .
163 3557 330 3640 Accipiam,
345 3558 517 3640 cunctisque
531 3579 633 3622 meum
646 3556 773 3619 letabile
785 3554 896 3618 facturn
