2634 4259
166 386 189 449 Β
313 360 324 465 J
481 389 830 462 uaranonrnosror

167 544 316 609 Struxerit
330 544 458 621 insidias,
474 558 561 608 notus
575 542 701 619 feritate,
716 542 841 626 Lycaon
851 540 874 604 i'

209 641 425 705 Confremuere
441 662 560 704 omnes:
584 641 745 724 studiisque
761 639 929 713 ardentibus
943 660 1048 701 ausum

165 738 253 803 Talia
268 739 442 822 deposcunt.
487 739 548 816 Sic,
563 741 632 801 curn
647 754 751 800 manus
766 733 857 820 impia
871 738 953 806 sevit
1081 740 1146 803 200

166 837 316 919 Sanguine
332 836 470 899 Casareo
486 824 657 903 Romanurn
672 835 854 917 extinguere
862 855 983 913 nornen,
1160 832 1167 846 ⁸

158 934 335 997 'Attonitum
349 948 436 997 tantae
451 935 548 997 subito
562 947 673 996 terrore
687 934 777 998 ruine

165 1031 340 1096 Humanum
355 1052 447 1114 genus
463 1046 526 1109 θεῖς
548 1034 686 1115 totusque
700 1031 866 1115 perhorruit
884 1030 973 1093 orbis.

165 1128 196 1192 N
198 1152 233 1193 ec
248 1130 301 1203 tibi
315 1142 397 1210 grata
408 1126 504 1192 minirs
519 1130 624 1213 pietas,
639 1128 794 1214 Auguste,¹
804 1142 932 1204 tuorum,

165 1227 269 1313 Quam
283 1227 342 1315 suit*
353 1228 403 1289 iila
417 1225 498 1289 Jovi.
542 1225 607 1299 Qui
622 1240 781 1311 postquam
796 1247 871 1287 voce
887 1246 1041 1309 manuque,
1075 1229 1145 1289 205

164 1322 321 1387 Murmura
335 1324 526 1407 cornpressit;
550 1324 674 1386 tenuere
689 1322 804 1385 silentia
819 1322 929 1385 cuncti.

99 1470 102 1477 .
154 1421 302 1485 'Substitit
317 1435 350 1484 ut
363 1422 484 1498 clamor,
499 1442 618 1505 pressus
632 1420 775 1503 gravitate
789 1421 936 1507 regentis;
1027 1453 1031 1459 ·

163 1518 282 1603 Jupiter
297 1521 354 1582 hoc
369 1520 474 1582 iterum
489 1541 623 1581 sermone
639 1520 753 1582 silentia
767 1519 893 1602 rumpit:

153 1622 174 1705 ,⁴
183 1616 238 1679 Ille
255 1617 374 1701 quidem
389 1630 494 1699 poenas
513 1615 628 1702 (curam
643 1617 721 1678 hanc
737 1615 889 1700 dimittite)
906 1616 993 1679 solvit
1005 1638 1015 1695 3
1193 1693 1196 1698 Ι

84 1721 149 1784 ,tf
165 1713 259 1788 Quod
274 1728 374 1776 tamen
390 1706 559 1791 admissum,
575 1736 639 1798 que
654 1714 692 1776 sit
706 1714 846 1791 vindicta,
860 1714 985 1777 docebo.
1058 1704 1069 1766 ⁶-
1080 1717 1144 1779 210

107 1791 114 1813 .
164 1811 339 1895 Contigerat
354 1824 464 1873 nostras
480 1809 598 1874 infamia
613 1799 754 1895 temporis
768 1832 871 1874 aures:
999 1822 1003 1832 ¹

165 1908 268 1983 Quam
283 1910 406 1993 cupiens
422 1909 539 1986 salsam·
549 1930 667 1974 summo
682 1909 801 1972 delabor
815 1908 961 1994 Olympo,

165 2006 296 2071 Erdeus
312 2007 443 2071 humani
456 2008 548 2069 lustro
561 2008 617 2069 sub
632 2008 760 2089 imagine
777 2020 877 2072 terras.
1039 2071 1041 2074 ,

164 2104 272 2187 Longa
285 2125 368 2168 mora
382 2119 438 2181 est,
455 2118 597 2188 quantum
610 2126 698 2165 noxe
713 2104 749 2165 sit
764 2105 874 2187 ubique
888 2118 1049 2188 repertum,
1094 2138 1098 2147 ·

165 2200 367 2263 Enumerare:
390 2201 486 2262 minor
499 2200 552 2263 fuit
568 2200 632 2282 ipsa
650 2199 768 2263 infamia
782 2222 864 2263 vero.
969 2215 974 2223 “
1060 2204 1143 2265 ‘215
1189 2268 1193 2272 ,

164 2296 295 2361 Manala
309 2292 490 2374 transieram,
504 2297 623 2361 latebris
639 2297 785 2360 horrenda
799 2298 937 2375 ferarum,

165 2394 290 2458 Etcum
307 2395 438 2479 Cyllene
453 2392 542 2477 gelidi
556 2394 658 2477 pineta
672 2394 781 2477 Lycei.

164 2494 299 2555 Arcados
314 2493 383 2555 hinc
398 2493 484 2555 sedes
499 2505 530 2553 et
545 2489 694 2575 inhospita
708 2507 788 2555 tecta
801 2494 919 2576 tyranni

164 2589 325 2673 Ingredior,
337 2590 487 2652 traherent
501 2590 571 2651 cirin
585 2610 653 2652 sera
665 2591 841 2673 crepuscula
855 2604 985 2671 noctem

112 2688 256 2770 „Signa
270 2682 338 2749 dedi
349 2674 464 2749 venisse
481 2686 592 2763 deum3
616 2688 779 2772 vulgusque
795 2689 907 2771 precari
1079 2690 1144 2752 220
1203 2760 1207 2765 ,
1293 2722 1298 2727 ·

165 2785 320 2867 Coeperat.
365 2784 469 2852 Irridet
485 2784 581 2867 primii
596 2785 645 2867 pia
662 2798 730 2847 vota
748 2784 883 2867 Lycaon.
1118 2788 1134 2823 ⁹

164 2882 242 2946 Mox
258 2884 306 2960 ait,
323 2890 341 2919 “
354 2882 512 2965 Experiar,
529 2882 602 2944 deus
617 2883 678 2959 hic,
694 2883 861 2946 discrimine
878 2898 992 2967 aperto,
1038 2945 1042 2950 .

163 2982 215 3044 An
230 2980 267 3042 sit
281 2980 427 3043 mortalis:
451 2978 508 3043 ne'c
523 2976 754 3043 eritvdubitabile
770 2982 906 3058 verum.'’
1000 3062 1004 3068 Ι
1041 3035 1045 3041 .

164 3078 268 3141 Nocte
274 3100 398 3160 gravem
410 3088 585 3141 somno'nec
600 3078 691 3161 opina
706 3079 830 3162 perdere
845 3095 939 3145 morte

163 3174 218 3239 Me
234 3190 327 3259 parat.
373 3175 447 3239 Haec
463 3176 503 3238 ilii
518 3177 617 3259 piacet
634 3177 820 3258 experientia
835 3178 918 3239 veri:
1079 3180 1143 3241 225

164 3273 194 3336 N
197 3295 232 3336 ec
246 3288 402 3337 contentus
418 3296 466 3350 eo,
481 3274 561 3335 missi
577 3274 615 3335 de
630 3287 720 3355 gente
735 3272 870 3335 Molossi

1 3372 2 3393 ³
81 3370 84 3375 ’
164 3370 284 3435 Obsidis
299 3373 385 3434 unius
397 3370 533 3456 jugulum
548 3392 690 3438 mucrone
705 3370 840 3433 resoluit:

167 3470 265 3553 Atque
281 3470 322 3532 ita
336 3469 621 3561 seminecespartim
637 3467 816 3531 serventibus
831 3483 910 3532 artus

163 3568 263 3631 Moilit
278 3569 371 3653 aquis,
387 3564 492 3651 partim
508 3566 642 3652 subjecto
657 3568 759 3630 torruit
774 3568 845 3650 igni.
903 3604 907 3610 »
