2634 4259
177 378 238 443 136
482 386 838 439 nnrnnouruosnou.

174 631 284 695 Sancta
298 633 386 694 dedm
402 633 538 715 genitrix,
553 633 703 696 tinnitibus
718 635 786 695 adra
801 632 877 715 pulsi

173 728 265 805 utris,
279 743 311 791 et
323 716 416 791 inflati
429 730 590 812 complevit
604 750 754 790 murmure
768 728 852 790 buxi.

173 823 293 908 Perque
308 826 391 888 leves
404 826 521 889 domitis
535 827 652 888 invectu
666 826 801 887 leonibus
815 843 911 902 auras,
1102 828 1148 889 30

174 925 183 956 ‘
191 917 275 982 Irrita
289 919 430 1001 sacrilegii
440 920 536 1004 jactas
550 918 686 981 incendia
700 918 815 994 dextri,

175 534 256 599 Cirm
270 554 384 599 memor
397 536 450 598 bas
464 536 550 619 pinus
564 535 644 598 ideo
659 536 769 598 vertice
783 556 872 599 caesus
1299 551 1309 712 p

1307 827 1308 872 i

173 1014 298 1093 Tume‚'
314 1017 364 1079 eit.
410 1015 580 1099 ‘Eripiam;
602 1037 669 1091 nee,
684 1035 734 1077 me
748 1015 890 1097 patiente,
903 1016 1046 1078 cremabit

101 1168 105 1173 .
173 1110 252 1194 Ignis
267 1113 345 1175 edax
359 1133 512 1175 nemorum
527 1126 625 1195 partes
640 1125 671 1173 et
684 1112 817 1173 membra
830 1111 989 1173 meorum?

173 1206 302 1270 Intonuit
317 1208 433 1271 dicente
448 1207 521 1270 deb:
544 1208 742 1291 tonitrumque
756 1206 850 1268 secuti

172 1307 254 1372 Cum
270 1310 391 1371 saliente
406 1328 509 1389 graves
523 1307 693 1370 ceciderunt
707 1294 846 1388 grandine
861 1306 969 1369 nimbi:
1102 1308 1147 1369 35

171 1404 323 1490 Aeraque,
338 1418 369 1467 et
382 1405 483 1467 subitis
496 1403 644 1466 tumidum
657 1402 845 1465 concursibus
859 1423 959 1486 equor
993 1414 997 1418 ’

173 1500 280 1563 Astraei
293 1502 420 1577 turbant,
436 1514 466 1563 et
481 1513 552 1565 eunt
566 1500 598 1562 in
612 1500 727 1583 proelia,
743 1498 856 1569 butres.
894 1515 900 1531 ·

174 1595 203 1658 Ε
219 1597 323 1679 quibus
337 1598 415 1659 alme
428 1617 545 1679 parens,
559 1596 645 1657 unius
661 1595 768 1656 viribus
783 1590 847 1670 usa,

173 1691 287 1776 Stupee
302 1693 469 1776 praerumpit
484 1691 624 1775 Phrygiae
639 1690 799 1756 retinacula
813 1689 931 1751 classis:

173 1785 305 1871 Fertque
320 1802 397 1851 retes
411 1809 528 1871 pronae,
543 1787 700 1869 medioque
714 1787 770 1849 sub
784 1806 899 1869 equore
913 1785 1030 1868 mergit.
1104 1788 1148 1849 40

172 1880 295 1946 Robore
309 1884 431 1960 mollito,
445 1884 584 1967 lignoque
599 1884 627 1945 in
643 1904 767 1966 corpora
780 1903 876 1959 verso,

172 1976 209 2040 In
224 1980 355 2062 capitum
369 1979 474 2042 faciem
489 2000 606 2063 puppes
620 1991 771 2041 mutentur
784 1979 905 2041 aduncae
915 1995 932 2040 z·
960 2028 964 2037 .

172 2071 208 2135 ln
223 2075 333 2155 digitos
343 2074 463 2154 abeunt,
478 2087 510 2136 et
522 2094 608 2157 crura
621 2074 762 2150 natantia,
776 2074 869 2136 remi:

173 2168 325 2252 Quodque
340 2169 419 2252 priris
434 2169 539 2245 fuerat,
554 2170 629 2231 letus
644 2182 706 2231 est:
728 2170 891 2251 mediisque
905 2169 1006 2231 carine

172 2264 295 2328 Subdita
309 2264 441 2347 navigiis,
457 2263 546 2347 spinae
561 2276 691 2325 mutatur
704 2264 735 2326 in
750 2284 846 2335 usum.
881 2311 883 2316 -
1102 2266 1147 2328 45

171 2361 250 2425 Line
262 2383 355 2425 comte
370 2361 485 2438 molles,
500 2372 632 2422 untennae
646 2358 766 2422 brachia
779 2360 862 2422 fiunt.

171 2455 317 2534 Cerulus,
331 2471 365 2519 ut
379 2456 483 2533 firerat,
494 2455 578 2529 ¹color
592 2468 647 2517 est.
668 2448 672 2451 Δ
693 2455 839 2539 Quasque
853 2455 921 2518 autb
936 2454 1088 2534 timebunt,
1307 2429 1309 2552 1

171 2550 241 2614 Illas
257 2554 394 2634 virgineis
409 2565 551 2614 exercent
565 2552 676 2613 lusibus
690 2552 784 2613 undas

172 2646 286 2711 Naides
302 2668 460 2731 aequoreae:
484 2647 621 2730 durisque
636 2647 665 2709 in
680 2648 828 2710 montibus
842 2661 912 2710 orte

170 2743 265 2808 Molle
280 2743 387 2808 fretum
401 2744 570 2806 celebrent:
593 2765 650 2806 nec
665 2765 715 2806 eas
729 2766 783 2807 sua
796 2746 890 2829 tangit
903 2744 995 2827 origo.
1101 2747 1146 2808 50

171 2838 242 2905 Non
257 2854 356 2904 tamen
371 2840 479 2917 oblite,
495 2840 585 2923 quim
599 2840 692 2903 multa
705 2840 836 2925 pericula
850 2861 929 2915 sevo
1304 2789 1309 2892 1

171 2936 350 3000 Pertulerint
365 2937 482 3021 pelago,
493 2936 610 3021 jactatis
625 2958 703 3022 saepe
718 2938 823 3000 cerinis

171 3033 364 3116 Supposudre
379 3053 500 3096 manus:
524 3034 578 3096 nisi
592 3034 617 3095 si
633 3054 691 3117 qua
706 3033 834 3097 vehebat
847 3034 991 3096 Achiuos.

171 3128 274 3192 Cladis
288 3130 385 3192 adbuc
399 3129 539 3211 Phrygiae
553 3150 710 3206 memores,
725 3129 815 3191 odere
831 3130 984 3212 Pelasgos.

213 3225 290 3309 Spes
305 3239 376 3302 erat,
391 3225 420 3286 in
436 3225 584 3307 nymphas
598 3223 726 3286 animatd
740 3225 833 3286 classe
847 3226 983 3303 marinas,
1101 3228 1144 3289 55

58 3350 68 3375 a
169 3320 263 3385 Posse
278 3335 360 3384 metu
375 3321 494 3383 monstri
509 3320 657 3382 Rutulum
672 3318 811 3383 desistere
826 3320 915 3382 bello.

169 3416 297 3493 Perstat,
313 3417 461 3499 habetque
476 3415 547 3478 deos
562 3435 629 3499 pars
644 3428 784 3497 utraque:
808 3413 917 3498 quique
934 3416 1058 3480 deorum

169 3510 273 3588 Instar,
288 3512 397 3574 habent
411 3512 534 3574 animos.
579 3511 646 3575 Nec
657 3511 721 3596 jam
736 3512 844 3577 dotalia
856 3517 974 3595 regna,'
