2634 4259
162 346 205 408 30
471 357 819 424 ΜΕΤΑΜΟΒΡΗΟΙΕΟΝ

162 502 314 587 Quodque
329 524 382 568 suo
396 503 498 587 Tagus
513 527 599 568 anone
614 508 707 585 vehit,
722 509 786 571 fluit
801 509 925 591 ignibus,
941 534 1053 575 aunam.
1069 517 1134 577 250

162 594 214 677 Et,
228 621 292 683 quae
306 598 448 663 Maeonias
462 602 645 666 celebrarant
658 604 786 667 carmine
801 606 888 689 ripas,

161 694 324 759 Flumineae
340 698 473 759 volucres
488 698 587 762 medio
600 700 718 762 caluere
736 700 877 784 Caystro.⁴

161 792 247 855 Nilus
262 792 291 855 in
307 806 473 857 extremum
487 794 559 877 fugit
571 797 741 879 perterritus
754 800 866 876 orbem,
926 855 931 860 .

160 888 359 974 Ocouluitque
375 904 475 974 caput,
492 892 571 975 quod
586 894 682 955 adhuc
695 894 777 956 latet.
821 894 908 957 Ostia
922 911 1039 981 septem
1076 897 1098 928 ’¹

160 984 371 1049 Pulverulenta
386 1001 501 1065 vacant,
516 1001 632 1071 septem
646 990 709 1051 sine
725 990 845 1053 flumine
860 994 962 1055 valles.
1069 997 1133 1058 255

160 1081 236 1145 Fors
251 1084 357 1146 eadem
371 1083 508 1171 Ismarios
523 1084 658 1148 Hebrum
672 1108 741 1149 cum
756 1086 914 1171 Strymone
929 1090 1029 1166 siccat,

160 1178 381 1264 Hesperiosque
392 1202 503 1257 sumes,
515 1180 669 1259 Rhenum,
679 1181 933 1267 Rhodanumque,
943 1184 1133 1270 Padumque,

160 1276 279 1360 Cuique
294 1277 347 1340 fuit
361 1298 458 1341 rerum
473 1278 614 1361 promissa
628 1278 771 1361 potentia,
785 1279 932 1363 Thybrin.

159 1373 275 1437 Dissilit
288 1396 377 1436 omne
392 1374 505 1451 solum;
527 1388 719 1459 penetratque
733 1376 763 1437 in
778 1375 902 1439 Tartara
915 1377 996 1440 rimis
1010 1404 1014 1409 ·
1033 1426 1040 1429 -

159 1470 289 1551 Lumen,
305 1484 335 1533 et
350 1470 493 1535 insemum
508 1484 598 1535 terret
611 1494 681 1534 cum
695 1472 821 1557 conjuge
835 1494 948 1555 regern.
1070 1474 1134 1537 260

160 1567 201 1630 Et
214 1590 295 1631 mare
310 1568 507 1631 contrahitur:
531 1569 673 1652 siccaque
688 1582 733 1631 est
745 1590 868 1652 campus
883 1591 988 1647 arena,

160 1663 254 1738 Quod
268 1665 358 1727 modo
372 1678 480 1748 pontus
495 1679 568 1728 erat.
613 1664 759 1749 Quosque
774 1666 865 1727 altum
881 1679 997 1729 texerat
1011 1687 1120 1751 equor,

159 1760 316 1825 Exsistunt
329 1775 456 1839 montes,
470 1776 501 1825 et
514 1783 628 1847 sparsas
644 1760 793 1844 Cycladas
808 1776 927 1849 augent.

160 1858 224 1921 Ima
238 1872 343 1944 petunt
358 1860 470 1944 pisces:
493 1880 550 1923 nec
564 1880 596 1921 se
611 1880 700 1942 super
713 1879 834 1942 aequora
847 1858 929 1920 curvi

160 1956 280 2020 Tollere
295 1970 449 2021 consuetas
464 1957 574 2019 nudent
588 1956 743 2040 delphines
757 1956 787 2017 in
803 1976 899 2018 auras.
1071 1954 1134 2017 265

161 2052 296 2137 Corpora
310 2055 470 2139 phocarum
486 2060 601 2116 summo
615 2053 753 2136 resupina
766 2052 912 2134 profirndo
1046 2118 1050 2121 ,

162 2148 340 2213 Exanimata
350 2140 462 2234 jacent.
506 2148 608 2237 lpsum
624 2170 742 2232 quoque
756 2147 857 2210 Nerea
871 2146 949 2210 fama
963 2162 1019 2226 est,

165 2246 344 2330 Doridaque,
359 2259 389 2309 et
403 2259 496 2322 natas,
510 2244 616 2328 tepidis
628 2244 750 2306 ¹latuisse
765 2244 820 2305 sub
835 2244 933 2305 antris.

160 2342 224 2405 Ter
238 2342 396 2426 Neptunus
411 2342 493 2427 aquis
507 2364 576 2404 oum
591 2355 675 2405 torvo
689 2341 809 2404 brachia
822 2341 905 2403 vultu

162 2438 310 2503 Exserere
325 2461 412 2503 ausus
427 2453 505 2503 erat:
528 2454 573 2502 ter
587 2460 646 2501 non
660 2438 727 2501 tulit
740 2438 815 2501 airis
831 2451 927 2500 astus.
1071 2440 1136 2503 27⁰

204 2538 295 2599 Alma
309 2550 408 2599 minen
422 2535 538 2615 Tellus,
552 2550 585 2600 ut
599 2550 663 2599 erat
676 2534 857 2599 circumdata
870 2547 973 2618 ponto,

161 2634 242 2697 Inter
256 2655 345 2718 aquas
360 2633 468 2718 pelagi,
481 2622 791 2716 contractosundique
806 2631 912 2710 sontes,

162 2731 225 2805 Qui
239 2752 271 2793 se
286 2730 475 2793 condiderant
489 2730 519 2791 in
533 2752 633 2814 opacae
649 2730 762 2791 viscera
775 2729 893 2806 matris3

162 2828 286 2892 Sustulit
300 2826 457 2891 omniteros
471 2827 548 2890 collo
563 2839 649 2889 tenus
664 2826 743 2887 arida
757 2824 872 2887 vultus:

162 2926 370 3010 Opposuitque
385 2946 505 2987 manum
520 2922 622 2987 fronti:
654 2943 821 3006 magnoque
837 2935 964 2983 tremore
1070 2920 1135 2983 275

143 3024 145 3029 ’
162 3023 271 3087 Omnia
286 3022 456 3087 concutiens
471 3022 591 3105 paulhm
605 3020 737 3083 subsedit
745 3042 754 3097 ;
776 3033 807 3083 et
820 3018 904 3095 infra,

163 3121 266 3195 Quam
281 3121 356 3182 solet
370 3141 445 3197 esse,
461 3117 531 3181 suit:
554 3116 692 3201 sicchque
706 3116 746 3179 ita
761 3138 835 3179 voce
848 3116 947 3177 locuta
960 3126 1023 3177 est:

164 3218 215 3281 ‘Si
230 3219 328 3303 placet
342 3218 411 3293 hoc,
425 3215 588 3298 meruique,
604 3214 708 3298 quido
721 3227 773 3275 tua
787 3211 909 3301 fulmina
922 3222 1048 3288 cessant,

164 3316 287 3380 Summe
302 3314 412 3377 desim?
433 3310 539 3375 Liceat
552 3311 687 3394 peritura
702 3308 810 3371 viribus
823 3308 909 3389 ignis,

164 3412 237 3495 Igne
252 3413 346 3496 perire
361 3425 430 3488 tuo;
452 3408 627 3491 clademque
643 3419 762 3470 auctore
776 3406 886 3467 levare.
1071 3402 1135 3467 280

165 3508 228 3572 Vix
242 3510 381 3594 equidem
395 3508 494 3571 lauces
509 3506 572 3571 haec
587 3506 650 3589 ipsa
664 3505 694 3567 in
708 3502 797 3580 verba
810 3500 946 3580 resolvo,’
