2634 4259
183 346 227 410 92
480 357 828 411 nurnnoaraosaon

183 503 350 569 Consilium
364 506 476 589 superis
491 507 585 591 aperit
598 528 756 571 commune
770 507 947 571 Philemon:

183 601 289 663 “Esse
303 604 482 679 sacerdoteS,
497 604 677 688 delubraque
691 617 789 667 vestra
803 606 879 668 tueri
1094 608 1156 670 165

181 697 354 761 Poscimus:
376 713 407 761 et
422 700 559 783 quoniam
572 701 734 763 concordes
747 702 861 783 egimus
875 723 984 779 annos3
1029 777 1032 782 Ι

181 793 307 857 Auferat
321 795 393 858 hora
407 797 480 858 duos
494 796 617 858 eadem:
639 818 696 859 nec
709 796 842 881 conjugis
852 820 983 881 unquam

155 884 157 887 ’
181 888 277 953 Busta
290 914 364 955 meae
379 893 515 977 videam3
536 914 595 955 neu
609 893 665 955 sim
679 894 869 957 tumulandus
884 895 921 956 ab
935 893 1018 957 illa?

225 980 306 1051 Vota
319 988 392 1053 fides
406 990 552 1074 sequitur:
564 990 679 1073 ‘templi
692 987 786 1057 tutela
799 989 893 1067 luere,
1006 1003 1009 1008 '

181 1082 290 1149 Doneo
305 1086 369 1152 vita
380 1087 448 1149 data
461 1100 517 1149 est.
561 1086 659 1149 Annis
673 1108 795 1170 aevoque
809 1087 896 1149 soluti
946 1134 954 1175 3
1053 1122 1056 1125 ⁴
1095 1092 1155 1151 lto

181 1180 263 1244 Ante
278 1183 384 1264 gradus
399 1183 579 1246 sacrosciun
593 1196 705 1245 starent
718 1182 804 1259 forte,
818 1183 934 1266 locique

181 1275 351 1361 Inciperent
364 1276 469 1356 casus3‘
489 1278 623 1341 frondere
638 1274 816 1341 Philemona
829 1276 951 1357 Baucis,
966 1338 970 1342 .

185 1374 317 1437 Baucida
331 1376 487 1459 conspexit
500 1374 598 1439 senior
612 1373 746 1437 frondere
761 1374 931 1438 Philemon.

178 1469 310 1555 Jamque
324 1494 414 1556 super
427 1473 538 1555 gelidos
553 1477 705 1535 crescente
719 1472 873 1535 cacumine
888 1473 998 1553 vultus,

181 1564 300 1645 Mutua,
315 1569 387 1631 dum
400 1570 492 1647 licuit,
507 1568 670 1631 reddebant
685 1569 763 1631 dicta
771 1590 781 1645 3
804 1575 824 1605 “
834 1566 984 1652 valeque,
1095 1573 1156 1633 1-75

181 1662 213 1725 Ο
227 1663 368 1749 conjux‚''
385 1665 488 1727 dixere
503 1664 600 1741 simul,
611 1664 698 1727 simul
713 1664 811 1725 abdita
825 1665 901 1726 texit
1127 1680 1131 1686 ·

176 1756 245 1847 UOra
258 1758 366 1823 frutex.
410 1760 550 1823 Ostendit
563 1760 660 1822 adhuc
675 1758 830 1843 Tyauei'us
844 1759 904 1824 illic

181 1854 283 1920 Incola
297 1856 337 1920 de
349 1858 469 1941 gemina
483 1858 594 1921 vicinos
608 1858 711 1921 arbore
725 1871 855 1920 truncos.
928 1906 945 1929 .,

181 1951 256 2017 Haeo
271 1955 343 2017 mihi
357 1977 417 2018 non
432 1956 498 2018 vani
516 1954 627 2041 (neque
643 1969 705 2017 erat
718 1976 772 2017 cur
784 1953 885 2018 fallere
900 1953 1026 2041 vellent)

182 2048 347 2114 Nanavere
362 2074 458 2115 senes.
500 2051 654 2135 ‘Equidem
670 2051 832 2135 pendentia
846 2052 905 2114 vidi
1019 2078 1022 2082 ¹
1095 2053 1156 2117 180

181 2144 267 2209 Serta
281 2169 370 2230 super
384 2168 496 2210 ramos:
519 2150 693 2230 ponensque
707 2147 846 2223 recentia,
861 2148 934 2225 dixi,

182 2240 294 2305 “Cura
307 2243 348 2327 pii
362 2243 407 2305 dis
422 2255 500 2321 sunt,
515 2255 556 2319 et,
571 2242 621 2327 qui
631 2242 766 2320 coluere,
780 2236 949 2307 coluntur.'’

523 2858 687 2910 HERCULIS
716 2866 812 2909 atone.

608 3048 638 3089 v.
653 3010 732 3091 rsa

180 3208 285 3291 longa
299 3206 353 3272 mit
366 3208 456 3275 medii
471 3209 724 3295 moratemporis:
745 3222 870 3293 actaque
884 3210 983 3294 magni

180 3305 318 3370 Herculis
333 3306 490 3391 implerant
503 3319 605 3381 terras,
619 3306 938 3389 odiumquenovercae.

182 3400 287 3471 Victor
300 3404 337 3465 ab
352 3401 494 3465 OElohalia
507 3400 621 3465 Cenaeo
635 3423 718 3481 sacra
732 3404 854 3485 parabat

182 3498 263 3563 Vota
276 3500 356 3579 lovi,
370 3499 440 3563 otim
454 3498 551 3563 Fama
564 3499 675 3582 loquax
689 3500 836 3583 precessit
850 3500 888 3563 ad
902 3521 997 3579 aures,
