2634 4259
178 392 240 455 130
491 398 839 452 uerrucaruosaorr

56 610 58 618 ,
174 546 245 610 Nou
259 548 387 630 captiva,
400 560 501 629 rogat:
523 549 654 630 genitrici
669 557 777 631 corpus
792 548 956 631 inemptum

174 642 323 707 Reddite:
346 665 423 706 neve
439 665 509 707 auro
523 645 647 706 redimat
657 644 707 728 jus
721 646 802 706 triste
817 644 955 727 sepulcri,

173 739 235 805 Sed
249 741 398 824 lacrymis.
442 740 542 817 Tunc,
558 742 626 803 ciam
642 754 768 824 poterat,
782 741 946 803 redimebat
959 753 990 803 et
1004 739 1098 802 auro.'

215 837 354 901 Dixerat.
400 837 444 901 At
458 839 586 922 populus
601 838 845 921 lacrymas‚‘quas
860 838 908 900 illa
922 839 1052 914 tenebat,

172 932 242 997 Nou
257 948 350 997 tenet.
394 932 464 1019 Ipse
479 935 567 997 etiam
582 934 656 997 flens
671 935 838 1020 invitusque
853 934 989 997 sacerdos
1084 936 1149 995 470

172 1030 301 1095 Praebita
313 1020 448 1115 conjecto
462 1032 541 1115 rupit
555 1032 714 1115 precordia
727 1031 814 1093 ferro.

172 1128 237 1207 llla,
251 1142 461 1212 superterram
477 1128 594 1191 desecto
609 1129 723 1211 poplite
738 1130 851 1205 labeus,

172 1224 299 1287 Pertulit
313 1224 473 1313 intrepidos
489 1224 527 1287 ad
541 1224 601 1287 sata
615 1225 775 1287 novissime
788 1226 898 1287 vultus.

171 1321 307 1385 Troades
320 1322 485 1406 excipiunt,
500 1322 729 1405 deploratosque
744 1335 899 1385 recensent

172 1418 347 1496 Priamidas,
362 1432 393 1481 et
408 1418 477 1502 quid
493 1418 606 1482 dederit
620 1416 727 1481 domus
740 1440 799 1481 una
812 1419 934 1481 cruoris.
1061 1426 1065 1431 '
1084 1420 1149 1479 475

172 1514 282 1598 Teque
297 1528 431 1598 gemunt,
446 1515 547 1597 virg03
568 1529 670 1599 teque,
684 1537 705 1577 o
718 1515 809 1577 modo
823 1515 904 1595 regia
916 1512 1039 1598 conjux,

172 1610 271 1694 Regia
286 1613 363 1675 dicte
379 1632 499 1696 parens,
517 1611 595 1673 Asia
609 1612 740 1675 florentis
756 1613 871 1692 unago:
1053 1613 1060 1623 '

172 1707 262 1771 Nunc
277 1696 368 1772 etiam
382 1708 486 1791 predae
501 1708 579 1770 mala
593 1730 672 1771 sors:
696 1728 785 1791 quam
800 1708 893 1770 victor
906 1706 1034 1790 Ulysses

172 1804 248 1868 Esse
263 1826 347 1867 suam
361 1804 466 1883 nollet,
481 1804 536 1867 nisi
551 1804 632 1888 qudd
646 1819 746 1867 tamen
761 1802 893 1867 Hectora
907 1816 993 1887 partu

171 1900 327 1965 Edideras.
372 1902 538 1966 Dominum
553 1902 639 1964 matri
654 1902 705 1964 vix
719 1901 828 1983 reperit
842 1899 968 1963 Hector.
1083 1900 1149 1962 480

172 1997 251 2073 Qua
264 2020 371 2083 corpus
386 2000 546 2081 complexa
560 2000 664 2061 anima
678 2012 739 2061 tam
755 1996 836 2059 sortis
850 1998 949 2073 inane,

171 2093 258 2168 Quas
272 2096 358 2159 toties
373 2095 472 2179 patrie
489 2094 621 2171 dederat,
636 2096 781 2177 natisque,
797 2094 928 2176 viroque,

171 2189 252 2253 Huic
267 2211 384 2275 quoque
400 2190 451 2253 dat
465 2190 629 2272 lacrymae,
651 2189 798 2271 lacrymas
813 2191 844 2250 in
861 2189 983 2251 vulnera
997 2187 1110 2251 fundit:

170 2286 343 2371 Osculaque
357 2307 408 2349 ore
423 2286 506 2368 legit,
520 2292 721 2368 consuetaque
737 2298 859 2369 pectora
873 2284 1003 2368 plangit:

170 2381 380 2466 Canitiemque
397 2404 480 2445 suam
495 2396 635 2446 concreto
649 2382 679 2444 in
690 2382 837 2463 sauguine
853 2399 982 2458 verrens,
1083 2383 1147 2445 485

170 2478 262 2542 Plura
276 2480 406 2563 quidem,
420 2479 474 2543 sed
489 2493 520 2542 et
534 2479 608 2555 hac,
623 2478 733 2541 laniato
748 2493 868 2561 pectore
883 2477 974 2540 dixit:

170 2575 270 2639 ‘Nata
284 2589 340 2639 tuae
357 2575 445 2662 (quid
457 2577 538 2637 enim
553 2589 689 2658 superest
697 2574 726 2659 i)
743 2576 826 2637 dolor
840 2574 942 2636 ultime
957 2574 1054 2652 matri,

170 2671 260 2749 Nata,
270 2672 371 2757 jaces:
384 2671 545 2756 ·videoque
560 2684 655 2747 tuum,
670 2692 738 2732 mea
754 2671 884 2746 vulnera,
899 2671 1017 2733 vulnus.
1048 2734 1061 2759 ·
1131 2684 1135 2689 ·

169 2768 231 2845 Eu,
245 2789 283 2831 ne
298 2768 475 2851 perdiderim
490 2788 658 2851 quenquam
673 2767 736 2829 siue
750 2767 832 2829 caede
845 2788 990 2844 meorum,

169 2866 219 2929 Tu
236 2886 353 2951 quoque
368 2866 474 2929 vulnus
490 2865 592 2929 habes.
637 2865 681 2927 At
691 2851 737 2941 te,
753 2865 822 2948 quia
836 2863 968 2941 foemina,
983 2865 1068 2927 rebar
1080 2866 1147 2927 490

169 2962 200 3025 Α
215 2962 290 3025 ferro
305 2976 416 3026 tutam:
439 2961 571 3025 cecidisti
586 2975 616 3023 et
630 2960 752 3023 loemiua
766 2960 853 3024 ferro.

169 3059 291 3143 Totque
306 3073 373 3122 tuos
388 3059 469 3121 idem
484 3057 597 3135 fratrea,
612 3070 642 3120 te
657 3058 784 3140 perdidit
798 3058 889 3135 idem,
934 3079 937 3086 ’

170 3156 306 3219 Exitium
320 3155 429 3240 Trojae,
444 3156 593 3239 nostrique
608 3156 735 3230 orbator,
749 3154 894 3216 Achilles.

169 3253 214 3316 At
228 3267 385 3337 postquam
399 3250 515 3314 Paridis
529 3250 636 3313 cecidit
650 3250 820 3334 Phoebique
834 3250 964 3331 sagittis3

169 3350 290 3413 “Nunc
304 3349 417 3427 certe,'’
433 3348 506 3425 dixi,
522 3354 542 3385 “
552 3368 610 3409 non
626 3360 672 3407 est
686 3345 862 3407 metuendus
877 3346 1045 3408 Achilles.''
1080 3349 1146 3410 495

170 3448 261 3512 Nunc
275 3468 392 3531 quoque
407 3445 449 3508 mi
463 3444 638 3507 metuendus
652 3456 725 3505 erat.
770 3440 855 3504 Ciuis
869 3443 933 3525 ipse
952 3444 1060 3527 sepulti

170 3544 205 3609 lu
219 3566 313 3629 genus
326 3546 384 3607 hoc
399 3542 497 3607 saevit:
520 3541 634 3604 tumulo
649 3559 768 3624 quoque
781 3538 925 3602 sensimus
940 3540 1073 3603 hostem:

1304 2799 1310 3138 l

1303 3515 1309 3758 i

1306 3841 1309 3887 l
