2634 4259
176 356 220 420 32
497 358 846 429 METAMQRPHOSEON
877 392 886 405 .

178 510 266 575 Colla
276 509 349 595 jugo
364 510 499 591 eripiunt,
514 510 696 592 abruptaque
710 508 772 569 lora
785 507 963 592 relinquunt.

176 606 242 669 Illic
256 606 343 687 lraena
352 606 462 691 jacent,
478 605 537 669 illic
552 619 671 667 temone
685 604 818 665 revulsus
1086 606 1151 666 315

177 703 272 778 Axis3
293 703 323 765 in
338 702 395 765 hirc
410 703 481 764 radii
497 700 651 764 finctarum
666 714 749 783 parte
764 714 909 761 rotarum:

176 796 342 882 Sparsaque
358 813 425 860 sunt
437 799 497 863 late
511 799 600 861 laceri
617 798 738 879 vestigia
751 795 863 858 currlrs.

178 896 222 957 At
235 894 404 971 Phadthon‚
418 894 518 956 rutilos
533 894 653 956 flammai
667 893 827 977 populante
842 892 974 973 capillos,

179 989 317 1052 Volvitur
330 991 359 1053 in
374 1012 515 1074 praeceps,
529 990 677 1073 longoque
692 1011 745 1072 per
759 992 828 1050 adra
841 1002 936 1049 tractu

178 1085 303 1163 Fertur3
324 1101 357 1149 ut
371 1088 516 1149 interdum
531 1087 568 1148 de
583 1088 660 1149 coelo
675 1086 759 1152 stella
773 1106 887 1161 sereno,
1086 1088 1152 1148 300

178 1181 245 1245 Etsi
259 1204 317 1245 non
332 1183 449 1260 cecidit,
465 1183 559 1265 potuit
573 1183 715 1245 cecidisse
730 1181 832 1244 videri.

179 1278 282 1353 Quem
297 1280 399 1361 procul
414 1302 431 1341 a
445 1279 540 1363 patrii
553 1279 670 1341 diverso
683 1279 829 1340 maximus
843 1277 915 1339 orbe
960 1299 965 1305 ·

179 1374 301 1458 Excipit
316 1374 472 1452 Eridanus,
487 1376 711 1458 spumantiaque
726 1374 817 1437 abluit
831 1394 892 1435 ora.

179 1470 292 1534 Naides
307 1472 459 1555 Hesperiae
474 1472 568 1534 trifidis
582 1472 724 1535 fumantia
737 1468 858 1533 dammi

180 1568 315 1651 Corpora
328 1570 399 1631 dant
413 1569 543 1632 tumulo:
567 1569 740 1651 signentque
755 1568 812 1630 hoc
826 1566 956 1629 carmine
969 1586 1092 1629 saxum:
1125 1590 1127 1592 '

181 1664 259 1728 ‘ch
274 1666 345 1727 situs
361 1680 405 1729 est
419 1665 588 1742 Phaethon,
603 1664 704 1727 curris
721 1665 820 1745 auriga
833 1663 964 1746 paterni:
1086 1664 1152 1726 326

181 1760 284 1835 Quem
299 1762 323 1824 si
338 1784 396 1824 non
411 1762 514 1838 tenuit,
529 1762 641 1844 magnis
656 1773 757 1823 tamen
770 1760 881 1822 excidit
897 1760 996 1822 ausis.'

181 1856 261 1920 Nam
276 1873 360 1942 pater
373 1858 525 1935 obductos,
540 1857 806 1920 luctmmiserabilis
820 1879 908 1939 agro,

181 1954 362 2019 Condiderat
377 1955 490 2017 vultus:
513 1969 554 2032 et,
570 1956 594 2017 si
607 1956 698 2040 modi)
712 1954 868 2030 credimus,
883 1974 975 2015 unum

180 2049 243 2113 Isse
259 2050 337 2115 diem
352 2052 413 2113 sine
429 2052 490 2113 sole
505 2050 611 2113 ferunt.
656 2050 799 2112 Incendia
812 2050 913 2112 lumen
1087 2052 1153 2113 330

181 2146 373 2222 Praebebant3
396 2148 556 2229 aliquisque
570 2148 648 2208 malo
663 2146 717 2208 fuit
730 2167 799 2207 usus
813 2146 843 2206 in
857 2146 917 2207 illo.

183 2242 225 2304 At
233 2241 387 2325 'Clymene
403 2256 557 2325 postquam
572 2242 656 2318 dixit,
672 2262 854 2326 quecunque
868 2241 985 2304 firernnt

182 2338 217 2401 In
232 2338 317 2400 tantis
332 2338 456 2401 dicenda
470 2338 552 2400 malis
565 2360 573 2415 ;
594 2338 724 2421 lugubris
738 2350 769 2400 et
784 2358 896 2415 amens,

182 2433 225 2497 Et
238 2434 345 2496 laniata
359 2436 437 2495 sinus
452 2449 544 2501 tntum
560 2436 727 2519 percensuit
740 2436 842 2498 orbem
852 2458 866 2498 :-

183 2530 403 2619 Exanimesqpe
419 2546 496 2593 anus
511 2532 616 2613 primd,
631 2554 702 2594 mox
717 2554 784 2595 ossa
796 2534 956 2617 requirens,
1088 2535 1153 2596 335

183 2626 309 2708 Reperir
323 2648 389 2688 ossa
402 2640 502 2688 tamen
516 2628 670 2710 peregrini
684 2628 802 2692 condita
819 2630 894 2711 ripa.

183 2720 377 2806 Incubuitque
392 2723 475 2785 loeo:
498 2746 666 2808 nomenque
682 2725 712 2787 in
726 2747 869 2788 marmore
883 2727 993 2788 lectum

184 2817 317 2882 Perfudit
331 2820 479 2903 lacrymis,
494 2833 524 2883 et
538 2834 639 2904 aperto
654 2835 775 2905 pectore
790 2822 872 2885 fovit.

389 3071 552 3121 numanus
575 3073 610 3114 m
632 3074 777 3115 annuus
799 3074 946 3116 mm.

576 3288 578 3292 .
610 3255 640 3294 v.
655 3236 729 3295 340

229 3396 295 3461 Nec
310 3400 406 3461 mimis
421 3398 562 3462 Heliades
577 3400 676 3476 fletus
690 3414 731 3477 et,
746 3400 842 3464 inania
857 3416 944 3465 mortr

185 3494 323 3574 Munera,
339 3497 408 3560 dant
422 3498 583 3579 lacrymas:
607 3512 638 3559 et
652 3519 734 3561 caesae
748 3511 869 3582 pectora
882 3499 987 3583 palmis
1016 3576 1020 3584 ,
1093 3504 1158 3575 340,
