2634 4259
110 382 116 397 ‘
158 388 219 451 148
408 458 410 462 v
468 378 833 467 nnrnuonrnosron'

308 670 421 732 tumus
450 690 559 730 cusin
579 689 614 730 m
628 682 789 731 eormrnn
811 689 970 733 unsaros.
1016 689 1021 697 ’

582 804 699 865 erne.
788 804 792 809 ’

196 935 299 999 Caesar
312 936 342 999 in
357 935 440 1003 Urbe
455 935 510 997 sud
523 936 595 998 dens
610 949 672 998 est:
696 958 785 1019 quem
799 935 899 999 Marte
915 924 1051 1023 tegique

103 1097 104 1103 χ
153 1033 354 1117 Praeoipuum,
372 1046 432 1095 non'
445 1032 524 1095 bella
537 1030 630 1115 magis
645 1034 728 1095 finita
740 1034 904 1117 triumphis,
1057 1040 1130 1100 200

153 1131 277 1215 Resque
294 1131 373 1193 domi
387 1144 488 1212 gestae‚
502 1145 717 1216 properataque
731 1131 822 1212 gloria
835 1152 933 1193 rerum
1025 1181 1028 1186 .

153 1228 187 1291 In
202 1228 281 1291 sidus
297 1230 412 1290 vertere
427 1250 548 1304 novum,
564 1228 932 1311 stellamquecomantem,
1031 1275 1036 1282 -

153 1325 256 1399 Quem
270 1346 324 1387 sua
339 1320 504 1409 progenies.
548 1324 658 1408 Neque
672 1326 751 1408 enim
766 1326 805 1387 de
820 1324 947 1388 Caesaris
961 1327 1035 1390 actis
1090 1355 1093 1362 ·

66 1479 91 1491 ,,
152 1422 256 1486 Ullum
272 1423 365 1506 majus
380 1444 470 1505 opuS,
482 1423 570 1505 quern
581 1412 666 1506 quod
682 1430 766 1506 pater
779 1423 892 1488 exstitit
902 1424 1004 1509 hujus.
1070 1441 1073 1444 ’

152 1520 272 1582 Scilicet
288 1540 438 1603 aequoreos
452 1520 519 1602 plus
535 1534 579 1581 est
594 1519 743 1581 domuisse
757 1519 927 1597 Britannos,
976 1544 979 1547 ’
1063 1514 1128 1583 205
1183 1598 1188 1603 ⁸

152 1617 272 1701 Perque
288 1615 447 1700 papyriferi
460 1616 638 1698 septemflua
653 1616 775 1677 llumina
790 1608 851 1678 Nili
860 1656 874 1708 .'
940 1654 946 1659 ·

153 1713 298 1776 Victrices
311 1712 408 1794 egisse
423 1725 510 1789 rates,
526 1710 729 1796 Numidasque
743 1707 882 1791 rebelles,

153 1808 397 1895 Cinyphiumque
412 1808 533 1886 Jubam,
548 1806 808 1893 Mithridateisque
822 1823 987 1874 tumentem
1072 1858 1077 1861 -

152 1906 329 1971 Nominibus
344 1906 485 1983 Pontum,
500 1906 611 1990 populo
625 1906 768 1991 adjecisse
783 1907 912 1985 Quirini,

152 2004 194 2067 Et
209 2004 315 2066 multos
328 2004 482 2081 meruisse,
498 2000 611 2086 aliquos
625 2005 721 2085 egisse
736 2004 910 2090 triumphos,
1003 2072 1007 2075 ,

153 2101 255 2175 Quem
270 2106 385 2163 titutum
398 2101 535 2181 genuisse
551 2101 654 2177 virum,
672 2116 730 2184 quo
745 2102 867 2183 preside
881 2124 979 2165 rerum

75 2193 76 2196 ¹
152 2196 293 2260 Humano
302 2197 418 2278 generi,
433 2197 543 2279 superi,
557 2197 674 2259 cavistis
689 2198 817 2259 abunde.

152 2293 200 2357 Ne
216 2294 289 2358 soret
304 2294 351 2356 hie
365 2292 452 2375 igitur
465 2294 580 2367 mortali
593 2294 706 2356 semine
719 2308 828 2371 cretus,

151 2390 205 2455 llle
221 2392 294 2455 deus
309 2391 459 2454 faciendus
474 2403 564 2454 erat„
591 2390 685 2465 Quod
699 2405 733 2453 ut
746 2373 836 2455 aurea
851 2392 922 2457 vidit
1021 2444 1026 2447 .

151 2488 255 2553 AEneae
270 2490 418 2573 genitrix;
441 2489 513 2578 vidit
528 2510 646 2573 quoque
660 2491 851 2573 tristeparari

151 2588 288 2651 Pontifici
302 2589 405 2663 letum,
420 2601 451 2649 et
465 2586 615 2671 conjurata
630 2608 711 2649 anna
724 2589 848 2672 moveri.

151 2684 278 2749 Palluit:
304 2698 334 2747 et
348 2682 474 2761 eunetiS,
489 2698 521 2746 nt
536 2684 644 2768 cuique
661 2698 724 2747 erat
738 2684 835 2761 obvia,
850 2686 935 2762 divis,
978 2705 994 2763 j

150 2780 324 2865 ‘'Adspieess
341 2780 469 2858 dicebat,
485 2781 614 2865 ‘quanti
628 2782 699 2843 mihi
714 2782 948 2865 moleparentur

132 2916 135 2924 =
151 2878 283 2943 Insidiae:
309 2878 478 2963 quantique
492 2892 583 2961 caput
598 2900 668 2941 oum
681 2877 783 2940 fraude
799 2892 925 2961 petatur.

128 2994 132 2997 ’
150 2976 245 3053 Quod
260 2977 297 3041 de
314 2975 466 3038 Dardanio
480 2977 575 3038 solum
589 2976 662 3038 mihi
671 2989 762 3037 restat
772 2974 849 3037 liilo.
873 2985 877 2994 '

151 3076 260 3139 Solane
275 3095 394 3157 semper
407 3095 458 3136 ero
468 3072 554 3157 justis
570 3074 702 3135 exercita
714 3073 812 3135 euris?

151 3172 254 3246 Quam
268 3170 359 3234 modd
374 3169 501 3253 Tydidae
517 3168 687 3253 Calydonia
701 3169 835 3232 vulneret
850 3170 944 3246 hasta,

150 3268 240 3359 Nune
254 3268 332 3331 male
347 3266 474 3330 defensae
489 3266 669 3329 confundant
685 3266 795 3329 moeni'a
809 3266 925 3351 Trojae:

97 3398 99 3403 ¹
150 3365 229 3440 Qum
244 3366 362 3428 videam
372 3364 586 3445 natumlongis
601 3364 744 3425 erroribus
760 3377 869 3441 actum,

149 3463 318 3545 Jaetarique
333 3460 418 3538 freto,
433 3461 578 3544 sedesque
594 3461 700 3523 intrare
717 3461 866 3538 silent'm,

149 3560 295 3644 Bellaque
310 3581 379 3622 eum
394 3557 499 3621 Turno
514 3579 627 3639 gerere,
643 3573 703 3637 aut,
719 3558 743 3623 si
759 3580 828 3621 vera
842 3557 976 3635 fatemur,
