2634 4259
473 409 823 461 Muunmottrflosuort

362 682 563 743 rnosnnrnm
584 702 605 741 r
626 700 776 743 rnuronn
798 700 914 742 mern.
956 697 959 701 ·

578 895 608 934 v.
624 824 699 937 341}

194 1042 294 1107 Prima
310 1042 404 1106 Ceres
418 1066 496 1106 unco
511 1044 629 1125 glebam
644 1042 766 1105 dimovit
779 1046 890 1104 aratro:

153 1141 253 1203 Prima
268 1140 348 1203 dedit
363 1133 471 1223 frugeS,
486 1141 684 1222 alimentaque
699 1139 780 1201 mitia
794 1139 894 1200 terris:
1065 1140 1127 1200 leo

152 1237 254 1300 Prima
269 1237 350 1301 dedit
364 1238 456 1320 leges.
501 1236 619 1300 Cereris
634 1258 735 1298 sumus
749 1236 848 1298 omnia
861 1257 979 1297 munus·

152 1334 208 1396 llla
222 1334 354 1397 canenda
368 1335 441 1397 mihi
457 1347 512 1395 est.
557 1332 679 1396 Utinam
695 1333 786 1395 modo
800 1332 898 1395 dicere
913 1337 1063 1416 possem*
1111 1415 1114 1421 Ι

153 1431 294 1495 Carmina
308 1433 396 1513 digna
410 1431 490 1493 deae!
512 1431 592 1493 certe
607 1430 665 1492 dea
678 1430 806 1493 carmine
821 1429 909 1512 digna
922 1443 977 1492 est.

197 1528 290 1593 Vasta
303 1529 446 1612 giganteis
460 1524 575 1611 ingesta
589 1541 634 1590 est
648 1528 743 1590 insula
755 1527 894 1590 membris

153 1624 319 1703 Trinacris;
341 1640 371 1689 et
386 1626 498 1707 maguis
512 1624 679 1709 subjectum
692 1624 817 1686 molibus
831 1636 937 1706 urguet
1066 1624 1128 1685 185

156 1722 303 1788 AEtlrerias
317 1744 421 1785 ausum
435 1742 551 1805 sperare
566 1720 717 1803 Typhoea
731 1720 827 1782 sedes.

154 1819 265 1882 Nititur
279 1819 327 1881 ille
343 1819 473 1903 quidem,
489 1831 659 1902 pugnatque
675 1838 826 1899 resurgere
841 1838 936 1901 saepe:

154 1916 272 1979 Dextra
287 1918 340 1979 sed
354 1916 489 1978 Ausonio
502 1937 606 1977 manus
621 1928 667 1977 est
680 1914 812 1999 subjecta
829 1914 956 1977 Peloro:
1040 1915 1043 1923 '

154 2012 257 2090 Laeva,
272 2011 428 2097 Pachyno,
443 2013 513 2091 tibi3
535 2012 659 2075 Lilibaeo
673 2034 758 2074 crura
773 2026 960 2095 premuntur:

155 2106 307 2191 Degravat
321 2110 414 2172 AEtna
428 2124 534 2194 caput:
557 2112 611 2172 sub
618 2131 687 2197 qua
700 2110 854 2191 resupinus
868 2131 971 2171 arenas
1066 2110 1128 2171 190

155 2207 285 2293 Ejeotat,
296 2208 532 2291 flammamque
525 2207 586 2269 sero
601 2206 694 2268 vomit
708 2226 758 2267 ore
772 2206 951 2288 Typhoeus

155 2305 242 2387 Saepe
256 2305 384 2368 remoliri
398 2305 524 2367 luctatur
537 2302 669 2386 pondera
682 2315 776 2379 teme,

155 2398 346 2486 Oppidaque,
361 2414 392 2464 et
406 2420 527 2483 magnos
542 2398 680 2461 evolvere
693 2419 818 2481 corpore
832 2393 959 2462 montes.
1006 2448 1011 2460 .

155 2496 228 2560 Inde
243 2498 342 2560 tremit
355 2498 458 2560 tellus:
481 2510 512 2558 et
526 2516 581 2558 rex
596 2510 687 2579 pavet
700 2496 764 2577 ipse
774 2496 931 2605 silentum,

155 2590 203 2657 Ne
219 2607 328 2678 pateat,
343 2595 461 2677 latoque
475 2594 570 2655 solum
584 2605 732 2673 retegatur
753 2591 853 2667 hiatu;
958 2594 970 2630 ⁸
1027 2594 1130 2671 ‘5195

155 2692 364 2775 lmmissusque
380 2690 442 2752 dies
456 2690 637 2777 trepidantes
652 2702 760 2751 teneat
774 2688 901 2751 umbras.

156 2787 244 2851 Hanc
256 2802 392 2853 metuens
407 2787 522 2849 cladem
537 2786 693 2849 tenebrosi
706 2787 777 2848 sede
792 2799 933 2869 tyrannus
1038 2865 1043 2871 ἢ

156 2883 297 2947 Exierat:
321 2905 464 2968 curruque
480 2898 608 2947 atrorum
624 2897 728 2946 vectus
743 2904 890 2968 equorum¹
1018 2884 1021 2892 '

157 2980 298 3045 Ambibat
313 2980 418 3044 Siculae
433 2996 536 3044 cautus
550 2980 720 3044 fundamina
738 2995 831 3059 terra,
925 3030 929 3037 .
1122 3039 1126 3046 .

156 3079 231 3141 Post
219 3092 321 3162 tquam
337 3080 522 3163 exploratum
537 3080 606 3142 satis
621 3094 667 3142 est
680 3079 746 3141 loca
759 3081 839 3144 nulla
853 3074 970 3155 labare3
1066 3081 1130 3141 200

157 3176 354 3261 Depositique
368 3190 483 3238 metus:
506 3177 587 3238 videt
601 3178 680 3238 hunc
701 3174 839 3260 Erycina
846 3190 1002 3283 vagantem
1105 3258 1108 3262 ¹

157 3275 264 3339 Monte
279 3297 336 3337 suo
345 3273 485 3350 residens,
499 3287 659 3355 natumque
675 3273 814 3355 amplexa
832 3238 1001 3348 volucrem;

158 3374 281 3460 ‘Arma,
297 3392 464 3467 manusque
474 3392 562 3446 meae,
578 3391 655 3465 mea,
671 3384 751 3444 nate,
766 3370 918 3453 potentia,'
934 3371 1018 3447 dixit,
1118 3411 1121 3419 ,

159 3471 241 3548 ‘llla,
257 3462 360 3555 quibus
375 3491 495 3553 superas
510 3488 622 3544 ornnes,
637 3488 713 3549 cape
728 3462 803 3544 tela,
814 3466 945 3551 Cupido,

158 3568 252 3653 lnque
267 3567 315 3629 dei
330 3579 436 3651 pectus
449 3565 561 3628 celeres
575 3565 679 3627 molire
693 3564 823 3647 sagittas,
