2634 4259
158 398 220 471 14'6
449 413 800 471 msrnnonrnossou

156 566 224 631 Nec
238 583 355 653 parant
370 590 476 632 canem
492 582 640 631 noctumae
656 568 749 631 forma
763 567 867 629 Dianae
905 589 908 593 ·

156 664 231 728 Esse
246 679 345 749 potest
359 688 506 750 unquam:
530 687 706 749 semperque
721 666 864 728 hodierna
877 675 1033 747 sequente,
1126 685 1129 691 ·

156 762 189 825 Si
202 763 317 839 crescit,
332 764 427 827 minor
441 777 505 841 est3
526 763 629 848 major,
645 764 669 825 si
683 762 829 824 contrahit
847 762 960 822 orbern.

199 859 304 933 Quid?
326 882 386 923 non
400 861 430 923 in
444 861 560 945 species
575 861 735 922 succedere
751 872 877 943 quatuor
891 878 1002 919 annum
1069 856 1135 916 140

156 956 305 1040 Adspicis,
321 959 412 1021 aetetis
427 972 617 1041 peragentem
632 956 793 1019 imitamina
807 958 962 1035 nostra?—
1055 982 1060 985 ·
1092 984 1095 989 ·
1136 983 1140 989 ·

157 1052 236 1115 Nam
251 1066 346 1132 tener,
361 1068 391 1117 et
405 1054 528 1131 lactens,
544 1054 686 1137 puerique
700 1053 863 1115 simillimus
878 1064 942 1113 evo

158 1148 238 1213 Vere
254 1140 333 1213 novo
347 1164 402 1213 est.
446 1150 535 1213 'dbnc
549 1150 641 1213 herba
656 1151 763 1226 nitens,
778 1162 808 1211 et
822 1148 932 1213 roboris
946 1165 1056 1230 expers
1119 1183 1122 1199 ι

157 1246 282 1328 Turget,
295 1261 326 1309 et
340 1247 462 1309 insolida
476 1260 532 1323 est,
547 1260 577 1309 et
592 1267 645 1329 spe
661 1247 794 1309 delectat
804 1252 960 1328 agrestem.
1031 1283 1036 1290 «

157 1341 266 1405 Omnia
282 1358 343 1407 tum
360 1343 483 1420 florent3
505 1344 671 1427 florumque
685 1343 831 1405 coloribus
846 1343 941 1405 almus
1032 1366 1037 1373 ·
1072 1338 1135 1403 145

158 1439 249 1502 Ridet
263 1462 349 1523 ager:
373 1460 470 1525 neque
485 1441 582 1502 adhuc
598 1441 689 1502 virtus
704 1441 731 1501 in
747 1439 897 1506 frondibus
910 1440 972 1501 ulla
985 1450 1042 1500 est.
1063 1460 1068 1465 ·

156 1536 276 1617 Transit
290 1538 319 1599 in
334 1537 492 1613 AEstatern‚
509 1550 574 1619 post
590 1532 665 1613 Ver,
679 1537 823 1599 robustior
834 1537 960 1598 Annus:

157 1633 277 1716 Fitque.
285 1635 386 1695 valens
396 1632 540 1717 juvenis?
556 1651 654 1716 neque
669 1634 749 1695 enim
763 1633 908 1696 robustior
921 1646 992 1695 etas
1012 1616 1023 1635 ⁰
1098 1624 1102 1629 ’

156 1728 239 1807 Ulla,
253 1751 310 1793 nec
325 1731 451 1807 uberior,
466 1752 535 1807 nec,
550 1752 613 1814 quae
628 1729 723 1812 magis
737 1742 850 1807 aestuet,
865 1729 926 1793 ulla
940 1743 995 1806 est.

157 1827 280 1913 Excipit
295 1830 476 1906 Autumnus,
491 1829 587 1912 posito
599 1829 712 1892 fervore
724 1828 856 1913 juventa
1074 1830 1137 1891 150

158 1924 304 2003 Maturus,
319 1926 466 2010 mitisque,
482 1926 557 1988 inter
566 1927 770 2012 juvenemque
785 1946 950 2010 senemque

157 2022 319 2106 Temperie
333 2024 457 2101 medius,
472 2024 579 2106 sparsis
594 2044 648 2106 per
661 2038 797 2106 tempora
809 2024 903 2086 canis.

156 2118 230 2180 Inde
246 2120 344 2183 senilis
359 2118 466 2180 Hiems
480 2120 607 2181 tremulo
622 2121 702 2183 venit
717 2121 834 2182 horrida
850 2114 973 2203 passu,
991 2145 994 2153 ·

156 2220 220 2277 Aut
235 2215 359 2298 spoliata
374 2236 452 2293 suos,
468 2229 528 2291 aut,
545 2233 617 2299 quos
631 2216 734 2292 habet,
747 2217 814 2278 alba
826 2217 960 2299 capillos.

157 2308 266 2372 Nostra
281 2327 399 2394 quoque
414 2312 544 2395 ipsorum
559 2332 688 2395 semper,
703 2314 864 2396 requieque
879 2314 942 2377 sine
956 2313 1028 2391 ulle,
1074 2315 1135 2375 155

157 2404 292 2488 Corpora
307 2416 476 2471 vertuntur:
499 2430 566 2484 nec,
582 2410 662 2492 quod
676 2409 835 2487 fuimusve,
849 2432 1000 2488 sumusve,

156 2500 231 2563 Cras
247 2504 367 2565 erimus.
412 2504 512 2567 Jacuit
527 2506 623 2588 primo
637 2507 700 2567 sine
715 2507 824 2569 viribus
840 2506 933 2573 intans

153 2596 232 2659 Mox
247 2599 427 2682 quadrupes,
441 2600 557 2684 rituque
573 2602 638 2663 tulit
652 2622 708 2664 sua
719 2604 852 2666 membra
867 2602 1011 2666 ferarum:

154 2691 363 2776 Paulatimque
378 2708 519 2784 tremens,
533 2710 564 2759 et
578 2698 710 2761 nondum
726 2700 839 2783 poplite
853 2700 938 2762 firmo

153 2785 306 2865 Constitit,
323 2790 429 2874 adjutis
444 2792 542 2875 aliquo
556 2795 713 2856 conamine
727 2796 834 2859 nervis.
1075 2796 1137 2859 160

53 2948 56 2951 ,
152 2880 227 2943 Inde
245 2884 348 2948 valens
364 2883 513 2972 veloxque
528 2888 598 2952 suit:
621 2891 810 2976 spatiumque
820 2891 952 2977 juvente

152 2976 292 3042 Transit:
318 2997 359 3060 et,
375 2986 502 3049 emensis
517 2986 607 3049 medii
622 3009 741 3072 quoquc
755 2990 896 3073 temporis
912 2990 1006 3066 annis,

123 3158 130 3162 -
152 3072 277 3137 Labitur
291 3080 423 3143 occiduae
438 3104 493 3164 per
507 3084 561 3145 iter
574 3083 689 3146 declive
704 3100 841 3149 senecta.

152 3166 273 3231 Subruit
287 3172 354 3235 haec
370 3178 424 3238 aevi
438 3168 655 3262 demoliturque
671 3181 773 3263 prioris
792 3174 795 3180 ’
821 3232 828 3244 ,
1033 3252 1035 3255 ,

150 3260 291 3328 Robora:
317 3269 431 3356 fletque
447 3271 543 3336 Milon
558 3275 665 3352 senior,
679 3278 749 3339 crim
764 3291 879 3361 spectat
893 3278 994 3341 inanes
1077 3278 1138 3341 165

148 3354 228 3432 Illos,
245 3362 297 3441 qui
313 3363 433 3430 fuerant
447 3370 607 3433 solidorum
621 3372 700 3435 mole
716 3387 846 3437 tororum

148 3449 309 3518 Herculeis
325 3460 450 3543 similes,
465 3466 571 3530 fluidos
587 3468 718 3551 pendere
733 3471 869 3535 lacertos.

146 3542 217 3607 Flet
232 3568 369 3635 quoque,
383 3572 419 3621 ut
433 3561 462 3623 in
478 3564 601 3645 speculo
615 3586 702 3647 rugas
717 3568 855 3652 adspexit
869 3570 972 3648 aniles,
