2634 4259
165 345 227 409 128
330 390 333 399 ,
441 352 808 407 narauonrnosnort

204 502 327 585 longus
340 502 370 565 in
385 517 541 585 angustum
555 503 616 587 qud
629 504 773 566 clauditur
787 502 1013 587 Hellespontus,
1054 582 1060 591 ι

161 597 237 663 Ilion
251 600 392 677 ardebat;
413 622 512 683 neque
526 601 624 673 adhuc
637 600 812 664 consederat
826 600 918 682 ignis:

162 694 373 780 Exiguumque
388 697 466 759 senis
481 696 591 761 Priami
606 696 690 760 Jovis
704 717 755 759 ara
767 718 903 759 cruorem
963 763 972 773 ,

161 791 366 857 combiberat.
392 816 394 823 ·
411 793 553 857 Tractata
565 794 800 876 comisantistita
814 791 926 855 Phoehi
1074 794 1138 856 405

163 887 232 953 Non
247 890 427 974 profecturas
443 890 583 954 tendebat
597 892 633 954 ad
651 892 761 954 aethera
774 891 899 975 palmas.

163 984 348 1050 Dardanidas
363 1001 471 1051 matres
485 988 645 1072 patriorum
659 988 742 1072 signa
756 989 890 1065 deomm,

163 1083 248 1148 Dum
262 1084 342 1161 licet,
356 1085 520 1168 amplexas,
535 1105 736 1169 succensaque
751 1085 863 1169 templa
875 1096 1010 1146 tenentes

89 1184 91 1188 ’
162 1179 311 1242 Invidiosa
325 1181 444 1243 trahunt
458 1182 583 1244 victores
598 1183 718 1265 premia
732 1181 826 1266 Graji.

163 1274 292 1340 Mittitur
306 1277 463 1361 Astyanax'
478 1278 533 1340 illis
548 1278 585 1341 de
600 1278 738 1355 turribus,
753 1278 833 1340 uude
880 1326 884 1331 ,
1071 1278 1140 1338 410

163 1373 352 1455 Pugnantem
367 1396 420 1458 pro
435 1396 478 1451 se,
493 1375 684 1459 proavitaque
698 1396 789 1457 regna
802 1388 947 1450 tuentem,

164 1466 255 1554 Saepe
266 1470 367 1533 videre
382 1486 507 1555 patrem,
522 1486 715 1535 monstratum
730 1494 748 1533 a
767 1485 872 1548 matre,
886 1471 1011 1533 solebat.
1109 1493 1116 1503 ·

164 1566 292 1650 Jamque
309 1568 384 1630 viam
400 1568 505 1632 suadet
518 1569 633 1631 Boreas
645 1591 654 1645 3
677 1569 808 1653 flatuque
822 1566 955 1630 secundo

164 1662 298 1726 Carbasa
312 1678 528 1727 mota'sonaut:
542 1694 545 1699 ·
546 1664 633 1749 jubet
647 1665 691 1728 uti
704 1666 803 1727 navita
818 1664 924 1727 ventis.

165 1759 286 1845 ‘Troje,
302 1761 388 1823 vale:
412 1761 561 1844 rapimur‚'
577 1762 723 1825 clamant:
746 1762 876 1846 dantque
890 1762 993 1824 oscula
1006 1774 1090 1823 terrae

164 1859 316 1923 Troades:
340 1874 370 1922 et
384 1861 483 1947 patriae
498 1860 641 1924 fumantia
653 1875 734 1925 tecta
747 1862 926 1945 relinquunt.
1076 1862 1142 1923 416

165 1955 279 2020 Ultima
292 1958 464 2021 conscendit
478 1960 603 2023 classem
620 1959 801 2045 (miserabile
817 1958 896 2043 visu)

165 2052 201 2117 ln
215 2054 318 2129 mediis
334 2054 462 2118 Hecube
476 2068 612 2119 natorum
626 2058 747 2120 inventa
760 2056 914 2139 sepulcris.

166 2150 360 2214 Prensantem
374 2152 512 2229 tumulos,
527 2166 615 2235 atque
630 2154 742 2219 ossibus
757 2154 858 2215 oscula
872 2153 994 2218 dantem

166 2246 312 2312 Dulichiae
327 2240 447 2329 maxele-
458 2269 572 2309 manus.
617 2248 735 2310 Tamen
749 2248 834 2311 nnius
849 2249 957 2325 hausit,
1078 2250 1144 2312 420

166 2344 261 2428 lnque
275 2344 339 2407 sinu
352 2345 467 2407 cineres
482 2366 583 2407 secum
598 2345 665 2408 tulit
679 2345 817 2409 Hectoris
833 2347 964 2409 haustos.

167 2439 304 2504 Hectoris
320 2441 349 2503 in
363 2442 477 2505 tumulo
491 2462 599 2505 canum
614 2442 651 2505 de
668 2444 777 2506 vertice
791 2443 915 2519 crinem,

167 2536 288 2601 Inferias
302 2539 416 2621 inopes,
431 2538 542 2601 canem
557 2540 784 2623 lachrymasque
798 2540 948 2623 relinquit.

211 2633 276 2711 Est,
291 2635 341 2696 ubi
356 2633 448 2718 Troja
461 2633 526 2711 trit,
542 2635 681 2718 Phrygia
695 2637 840 2699 contraria
854 2637 953 2714 tellus,

167 2731 307 2793 Bistoniis
322 2731 451 2793 habitata
466 2732 543 2793 vin's.
588 2732 802 2815 Polymestoris
816 2734 878 2796 illic
1079 2734 1144 2796 425

168 2827 266 2910 Regia
280 2828 364 2890 dives
376 2839 450 2905 erat,
464 2829 514 2891 cui
528 2842 558 2891 te
572 2830 719 2893 commisit
732 2831 872 2893 alendum

168 2924 269 3003 Clam,
285 2924 445 3007 Polydore‚
461 2940 555 3009 pater,
570 2926 769 3012 Phrygiisque
782 2928 909 2991 removit
923 2926 961 2989 ab
976 2927 1075 2992 amis.

168 3025 334 3090 Consilium
349 3026 478 3109 sapiens,
492 3028 611 3091 sceleris
624 3030 680 3092 nisi
694 3029 814 3112 premia
827 3050 948 3111 magnas

169 3123 338 3209 Adjecisset
351 3145 435 3207 opes,
451 3126 539 3188 animi
555 3126 703 3190 irritamen
718 3128 808 3189 avari.
865 3160 870 3171 ·
919 3145 922 3151 “

173 3220 214 3284 Ut
228 3221 334 3286 cecidit
348 3219 481 3284 Fortuna
496 3221 662 3305 Phrygum,
676 3225 756 3308 capit
770 3224 878 3307 impius
893 3244 996 3287 ensem
1080 3226 1145 3288 430

170 3318 242 3381 Rex
256 3317 418 3396 Thracum,
429 3317 591 3402 juguloque
605 3321 650 3382 sui
665 3319 767 3403 defigit
780 3322 905 3383 alumni:

170 3414 223 3491 Et,
235 3429 377 3500 tanquam
392 3415 455 3478 tolli
468 3437 538 3478 cum
551 3438 674 3499 corpore
689 3418 810 3481 cumina
825 3433 958 3501 possent,

170 3511 351 3576 Exanimem
364 3536 382 3577 e
397 3514 520 3597 scopulo
533 3513 680 3599 subjectas
694 3516 773 3579 misit
786 3498 817 3580 ii
831 3516 937 3579 undas.
