2634 4259
606 332 715 385 LIBER
732 332 754 383 1.
1123 328 1161 387 Π

191 478 300 544 Hostes
316 502 440 566 quaque
454 502 532 544 suos.
576 482 672 545 Amor
685 495 731 545 est
745 482 817 545 mihi
830 502 920 544 causa
935 480 1089 565 sequendi.

190 574 244 639 Me
258 577 416 654 miserum!
438 600 476 640 ne
491 599 584 661 prona
596 579 697 655 cadas,
711 578 868 660 indignave
882 578 948 641 laedi

191 671 287 735 Crura
300 688 402 737 secent
415 688 531 751 sentes3
552 688 583 737 et
597 674 653 737 sim
667 674 720 737 tibi
733 696 824 737 causa
838 675 953 738 doloris.
1097 676 1163 739 460

190 770 317 853 Aspera,
333 770 393 854 quit
406 792 556 855 properas,
570 772 637 835 loca
649 785 735 834 sunta
772 769 964 849 Moderatiirs,
978 794 1041 851 oro,

190 864 296 943 Curre,
311 866 468 952 fugamque
482 868 598 931 inhibe:
620 867 798 932 moderatius
812 868 948 951 insequar
961 868 1035 951 ipse.

189 962 250 1027 Cui
263 965 392 1047 placeas,
406 964 519 1049 inquire
533 979 644 1028 tamen.
688 963 758 1028 Non
772 965 868 1028 incola
881 966 999 1043 montis,
1063 976 1067 983 “

189 1057 259 1122 Non
274 1081 331 1143 ego
345 1082 409 1123 sum
425 1075 540 1145 postor:
562 1083 621 1125 non
635 1060 686 1125 hio
700 1075 842 1138 armenta,
856 1082 998 1144 gregesve

189 1154 332 1219 Horridus
347 1158 483 1221 observo.
526 1156 642 1234 Nescis,
657 1158 821 1235 temeraria,
836 1160 932 1221 nescis
1097 1162 1160 1224 465

188 1250 293 1325 Quem
307 1252 416 1336 firgias:
439 1254 565 1339 ideoque
578 1253 664 1336 fugis.
708 1252 787 1317 Mihi
800 1254 951 1339 Delphica
964 1255 1062 1333 tellus,

188 1348 230 1412 Et
245 1348 361 1428 Claros,
375 1364 407 1413 et
420 1350 572 1428 Tenedos,
587 1349 780 1435 Patareaque
793 1352 874 1434 regia
887 1353 988 1416 servit.

187 1443 305 1529 Jupiter
317 1459 362 1509 est
376 1447 499 1529 genitor.
543 1442 605 1509 Per
618 1468 678 1524 me,
694 1447 774 1531 quod
788 1448 913 1532 eritque,
927 1448 1051 1533 fuitque,

187 1540 313 1626 Estque,
327 1557 426 1626 patet:
450 1565 506 1627 per
519 1565 568 1606 me
582 1544 763 1606 concordant
775 1545 904 1607 cannino
916 1546 1025 1609 nervis.

188 1636 280 1701 Certa
295 1640 413 1723 quidem
427 1654 526 1703 nostra
540 1654 601 1705 est:
623 1639 725 1703 nostri
738 1654 838 1704 tamen
852 1663 911 1705 una
923 1642 1031 1725 sagittl
1096 1644 1163 1705 470

187 1734 314 1813 Certior,
328 1736 357 1798 in
373 1757 546 1821 vacuoque
560 1738 682 1801 vulnera
695 1751 816 1822 pectore
830 1737 910 1802 feeit.
1103 1818 1107 1825 q

186 1831 344 1897 inventum
357 1834 505 1897 medicina
517 1855 618 1896 meum
632 1848 695 1910 est3
716 1834 868 1918 opiferque
883 1857 938 1919 per
948 1835 1049 1899 orbern

186 1929 298 2007 Dicor;
319 1944 351 1993 et
364 1931 522 1993 herbarum
535 1929 669 2015 subjecta
682 1931 815 2013 potentia
828 1932 922 1993 nobis.
948 2005 952 2013 .

186 2025 246 2090 Hei
259 2028 343 2105 milri,
359 2026 439 2111 qudd
453 2026 538 2089 nullis
553 2048 635 2089 amor
648 2040 694 2089 est
706 2026 888 2089 medicabilis
901 2028 1016 2091 herbis:

185 2121 252 2187 Neo
267 2138 389 2212 prosunt
403 2124 532 2201 domino,
548 2146 612 2208 quae
626 2138 749 2207 prosunt
762 2124 907 2202 omnibus,
922 2137 999 2188 artes
1009 2123 1037 2217 Ρ,
1095 2129 1160 2190 475

184 2220 276 2285 Plura
289 2222 455 2289 locuturum
469 2221 572 2285 timido
586 2221 703 2287 Peneia
714 2242 801 2285 cursu
904 2230 910 2241 '

185 2317 294 2401 Fugit;
315 2340 443 2404 cumque
457 2320 522 2404 ipso
535 2320 626 2382 verba
639 2318 812 2403 imperfecta
825 2319 952 2404 reliquit.

202 2475 206 2493 ,
226 2414 271 2481 Ut
285 2417 366 2481 oanis
380 2416 410 2479 in
424 2438 520 2479 vacuo
533 2416 667 2500 leporem
680 2417 750 2479 ciam
763 2416 897 2481 Gallicus
912 2438 983 2480 arvo

187 2512 286 2591 Vidit;
308 2516 340 2576 et
353 2513 402 2576 hic
416 2514 547 2597 praedarn
561 2512 687 2597 pedibus
700 2512 785 2597 petlt,
800 2513 849 2575 ille
864 2514 1007 2577 salutem:

184 2610 271 2673 Alter
284 2610 427 2674 inhaesno
440 2610 550 2687 similis,
561 2610 624 2695 jam
635 2608 758 2695 jamque
771 2624 874 2673 tenere
1093 2612 1158 2676 48⁰

183 2707 300 2791 Sperat,
315 2721 346 2770 et
360 2721 482 2770 extento
495 2708 608 2791 stringit
623 2708 746 2789 vestigia
758 2722 867 2771 rostro:

182 2804 270 2867 Alter
283 2804 314 2867 in
327 2804 465 2887 ambiguo
478 2818 534 2882 est,
549 2826 586 2867 an
600 2806 637 2869 sit
651 2804 823 2889 deprensus,
838 2817 870 2868 et
883 2804 954 2888 ipsis

182 2900 331 2965 Morsibus
346 2902 476 2985 eripitur,
490 2902 698 2985 tangentiaque
711 2922 763 2963 ora
776 2901 930 2985 relinquit:

181 2998 232 3062 Sic
247 2999 330 3077 dene,
344 3012 375 3063 et
389 3000 471 3083 virgo
485 3012 548 3062 est:
571 2999 620 3062 hic
635 3020 689 3081 spe
703 2999 793 3075 celer,
807 2998 857 3061 illa
869 3000 985 3063 timore.

94 3086 97 3091 ¹
182 3095 247 3170 Qui
262 3111 361 3159 tamen
376 3097 548 3181 insequitur,
563 3096 668 3180 pennis
682 3094 800 3180 adjutus
814 3094 934 3159 Amoris
1092 3100 1157 3165 485

182 3194 274 3258 Ocior
287 3208 342 3272 est,
356 3194 547 3278 requiemque
563 3205 667 3275 negat:
690 3206 831 3277 tergoque
846 3191 944 3275 fugaci

182 3290 339 3370 Imminet3
360 3305 392 3356 et
404 3292 517 3355 crinem
531 3300 664 3375 sparsum
677 3290 840 3355 cervicibus
854 3290 944 3353 afflat.

225 3388 344 3453 Viribus
358 3380 498 3453 absumtis
512 3388 655 3471 expalluit
669 3388 735 3451 illa:
757 3388 882 3470 citaque

184 3486 272 3551 Victa
285 3488 384 3550 labore
399 3485 486 3568 sugae,
500 3498 637 3568 spectans
651 3483 801 3546 Peneidas
815 3482 920 3560 undas,

479 3584 528 3646 2*
919 3600 926 3613 ‘
