2634 4259
520 406 526 409 ·
546 386 737 439 Hunorum.

473 631 710 695 ΙΕΡΙΒΤΟΙΛΑ
734 631 781 695 Χ.
816 656 821 662 ·

428 827 431 831 -
481 802 624 867 amanus
648 784 786 843 russeo}
813 775 816 780 ⁴

118 979 121 985 .
148 924 271 1015 Murus
287 926 395 1002 inveni,
411 926 499 1009 quarn
514 939 554 1003 te,
570 947 662 1007 genus
676 948 764 988 omne
779 926 921 991 serarum:

96 1010 101 1019 ’
189 1022 312 1085 Credita
325 1044 384 1085 non
399 1022 461 1098 ulli,
476 1024 564 1106 quim
579 1023 642 1100 tibi,
658 1024 743 1108 pejrls
757 1045 848 1086 eram.
876 1037 878 1041 “

141 1119 224 1193 ¹(Quae
239 1120 322 1201 legis,
338 1140 378 1181 ex
392 1119 451 1196 illo,
467 1119 668 1196 Theseu‚·tibi
682 1121 778 1183 littore
793 1122 888 1197 mitto,

188 1216 279 1279 Unde
294 1231 376 1279 tuam
389 1216 452 1278 sine
467 1237 515 1277 me
530 1218 597 1278 vela
612 1216 705 1278 tulere
720 1232 828 1313 ratemq

145 1312 180 1375 In
197 1336 258 1396 quo.
271 1335 319 1375 me
335 1310 512 1396 somnusque
527 1334 611 1375 meus
625 1314 704 1375 male
719 1313 855 1397 prodidit,
870 1327 901 1377 et
915 1327 957 1390 tu,
1096 1316 1119 1378 5

187 1410 249 1472 Per
262 1411 372 1473 lacinus
386 1411 495 1474 somnis
510 1410 642 1473 insidiate
657 1412 741 1473 meis.

143 1507 279 1591 Tempus
295 1522 370 1583 erat,
386 1506 478 1569 vitreis
493 1529 552 1590 qno
567 1508 694 1591 primirm
709 1523 786 1570 terra
800 1508 905 1591 pruiud

186 1604 348 1686 Spargitur,
364 1619 395 1665 et
408 1618 493 1667 tectae
509 1603 614 1671 fronde,
626 1618 788 1687 queruntur
801 1626 881 1666 aves.
928 1632 935 1641 ’

142 1700 291 1763 Incertum
306 1701 437 1782 vigilans,
453 1722 471 1762 a
485 1722 588 1762 somno
602 1701 748 1782 languida,
763 1702 842 1763 movi

184 1797 306 1876 Thesea
320 1819 471 1882 pressuras
485 1798 665 1881 semisupina
679 1820 793 1859 manus.
1014 1874 1021 1886 ,
1075 1802 1116 1861 10

142 1894 249 1957 Nullus
265 1910 342 1957 erat:
366 1895 519 1978 referoque
536 1895 649 1971 manue,
665 1896 833 1978 iterumque.
844 1907 969 1971 retente,

183 1993 301 2076 Perque
316 2008 412 2055 torum
427 2013 533 2055 moveo
548 1992 687 2053 brachia:
709 1991 806 2053 nullus
820 2005 892 2053 erat.

142 2088 310 2152 Excussere
324 2104 421 2151 metus
435 2110 582 2151 somnum.
627 2087 796 2151 conterrita
807 2110 913 2170 surgo:

167 2256 170 2262 ¹
183 2184 378 2269 Membraque
394 2199 461 2247 sunt
477 2185 566 2246 viduo
582 2185 760 2266 praecipitata
770 2198 848 2247 toro.

140 2282 279 2345 Protinus
294 2282 426 2344 adductis
441 2296 600 2343 sonuerunt
614 2296 736 2365 pectora
750 2281 872 2363 palmis:
1074 2283 1114 2345 15

183 2378 285 2463 thue
301 2393 363 2441 erat
378 2400 513 2441 asomno
528 2378 652 2453 turbida,
667 2391 751 2460 rapta
765 2398 851 2440 coma
865 2375 920 2440 est.

136 2464 228 2539 'Luna
242 2476 295 2539 luit
305 2499 319 2541 ε,
335 2490 451 2559 spectu·
464 2476 488 2537 si
504 2473 583 2557 quid,
598 2475 654 2537 nisi
664 2474 773 2551 littora,
786 2495 916 2565 cernam.

182 2573 276 2647 Quod
292 2573 409 2635 videant
423 2572 512 2648 oculi,
527 2570 577 2646 nil,
593 2570 647 2633 nisi
662 2571 753 2648 littus,
768 2571 888 2634 habent.
998 2650 1003 2653 ρ

141 2668 229 2731 Nune
246 2670 314 2746 hue,
330 2690 407 2730 nunc
422 2668 501 2743 illuc,
516 2680 548 2728 et
563 2680 699 2751 utroque,
714 2668 778 2730 sine
791 2668 904 2745 ordine,
918 2688 1019 2731 curro:

83 2758 84 2766 ¹
182 2766 254 2851 Alta
268 2766 412 2849 puellares
427 2763 521 2826 tardat
535 2784 623 2825 arena
637 2752 751 2846 pedes(
1070 2768 1112 2829 20

139 2862 256 2925 Interea
272 2875 333 2923 toto
347 2860 484 2922 clamanti
498 2860 606 2937 littore,
622 2858 785 2939 ‘Theseu,’
852 2859 854 2864 ’

182 2959 361 3022 Reddebant
376 2979 483 3019 nomeu
497 2978 628 3050 concava
643 2978 715 3020 saxa
730 2972 812 3021 tuum
823 2971 839 3021 ε’
860 2999 861 3002 =

140 3057 181 3120 Et
193 3052 309 3140 quoties
322 3076 377 3137 ego
392 3069 433 3131 te,
444 3055 530 3118 toties
544 3040 627 3117 locu's
641 3057 705 3138 ipse
720 3057 854 3118 vocabat.

4 3220 5 3241 ἶ
181 3154 250 3238 Ipse
266 3156 348 3215 locus
362 3154 474 3215 miserae
488 3152 562 3213 ferre
578 3152 696 3214 volebat
712 3174 812 3235 opem.

4 3246 5 3249 ¹
95 3280 97 3285 ·
140 3251 230 3315 Mons
245 3250 315 3327 fuit3
338 3264 480 3333 apparent
495 3249 657 3311 frutices-in
673 3250 785 3312 vertice
799 3250 872 3311 rari:
1071 3254 1112 3315 25

4 3344 5 3369 ¹
182 3349 262 3413 Hinc
276 3348 414 3431 scopulus
429 3348 522 3409 raucis
537 3346 648 3429 pendet
663 3346 768 3409 adesus
782 3347 876 3430 aquis.

139 3445 300 3510 Adscendo
317 3442 408 3530 (vires
423 3445 536 3506 animus
551 3442 667 3529 dabat),
682 3457 770 3527 atque
784 3445 824 3506 ita
838 3444 898 3507 late

142 3590 145 3597 .
182 3542 314 3627 AEquora
329 3558 487 3635 prospectu
501 3542 607 3604 metior
621 3542 679 3603 alta
693 3562 772 3605 meo.
