2634 4259
2 396 7 493 q
132 434 134 437 ,
557 388 665 443 mnan
683 389 757 439 xm.
922 482 927 489 q
1085 392 1148 456 129

214 531 327 597 Littore
342 533 486 597 Threicio
500 537 624 599 classem
640 537 775 619 religtirat
790 538 921 615 Atrides,

173 627 255 691 Dum
268 652 350 692 mare
364 646 514 714 pacatum,
529 633 600 695 dum
616 648 720 695 ventus
730 634 850 696 amicior
864 649 952 699 esset.
1080 637 1147 703 436

172 724 232 788 Hic
246 727 354 803 subiti),
370 741 506 811 quantus,
521 730 590 791 crim
608 732 732 807 viveret,
747 752 812 793 esse
826 732 949 818 solebat,

171 816 248 884 Exit
259 810 351 885 humd
364 821 536 909 lat't'r'r'tlptri,
551 818 711 910 similisque
726 827 845 905 minaci,
895 860 907 873 ··
934 830 945 894 ,Ι
1072 867 1075 877 ·

170 918 330 1002 Temporis
345 921 421 983 illius
436 924 549 988 vultum
564 922 709 986 rescrebat
724 923 869 1001 Achilles,
931 915 936 942 ³

171 1014 245 1089 Quo
260 1017 337 1079 serus
353 1018 459 1103 injusto
474 1020 558 1103 petiit
572 1020 800 1102 Agamemnona
815 1021 901 1084 ferro.
926 1024 933 1035 ’

172 1118 181 1149 ‘
190 1111 442 1199 Immemoresque
458 1116 517 1177 mei
531 1116 701 1194 disceditis‚'
716 1117 820 1200 inquit,
836 1125 845 1155 ‘
854 1118 985 1186 Achivi?
1007 1200 1010 1207 Ι
1081 1124 1146 1187 440

171 1206 345 1294 Obrutaque
360 1226 404 1273 est
418 1233 536 1275 mecum
551 1214 664 1277 virtutis
677 1214 770 1295 gratia
783 1217 910 1279 nostrai

171 1304 220 1368 Ne
234 1304 339 1369 facite:
363 1321 455 1392 utque
469 1330 569 1371 meum
585 1332 644 1372 non
659 1310 696 1372 sit
710 1312 777 1373 sine.
789 1311 900 1375 honore
914 1298 1094 1398 stipulatum,

171 1400 278 1467 Placet
291 1403 445 1467 Achilleos
460 1419 587 1469 mactata
602 1405 763 1489 Polyxena
776 1410 902 1471 manes!

214 1497 319 1562 Dixit:
342 1513 383 1578 et,
397 1501 501 1564 immiti
515 1503 601 1565 sociis
616 1504 785 1587 parentibus
800 1504 922 1583 umbra,

171 1592 274 1683 Rapta
287 1596 351 1657 sinu
366 1598 476 1675 matriS,
492 1620 580 1682 quam
590 1598 653 1683 jam
668 1601 762 1684 propt'r
777 1600 840 1663 sola
855 1600 984 1679 fovebat,
1017 1644 1021 1649 .
1079 1604 1145 1667 445

171 1689 281 1768 Fortis,
291 1706 326 1755 et
340 1693 451 1771 infelix,
466 1709 497 1759 et
511 1696 669 1780 plusquam
683 1696 815 1773 stamina,
830 1697 913 1779 virgo

171 1786 299 1861 Ducitur
313 1789 351 1851 ad
365 1792 521 1868 tumulum,
535 1793 657 1877 diroque
673 1795 705 1855 fit
719 1794 814 1855 hostia
827 1792 924 1855 busto.

172 1883 250 1957 Quae
266 1906 381 1948 mernor
394 1886 457 1970 ipsa
471 1889 527 1963 sui,
544 1903 700 1973 postquam
714 1889 883 1951 crudelibus
897 1888 953 1951 aris

171 1979 302 2043 Admota
317 1996 380 2059 est3
402 1984 552 2067 sensitque
566 1986 621 2047 sibi
636 1984 698 2047 scra
711 2006 795 2049 sacra
808 1985 904 2069 parari
912 2005 930 2077 3'
1126 2063 1129 2067 A

172 2076 273 2159 thue
289 2076 523 2162 Neoptolemum
537 2094 675 2159 stantem,
689 2081 860 2166 ferrumque
874 2095 1036 2161 tenentem,
1067 2084 1147 2158 Ι450

171 2173 266 2257 Inque
279 2196 334 2239 suo
348 2176 420 2239 vidit
434 2176 573 2259 figentem
588 2178 700 2248 lumina
715 2179 818 2256 volm3

173 2270 284 2333 ‘Utere
295 2271 470 2355 jamdudum
485 2267 808 2359 generoso-sanguine,’
823 2274 916 2339 dixit:

172 2366 282 2452 ‘Nulla
295 2390 378 2431 mora
391 2384 447 2434 est.
492 2371 535 2434 At
549 2386 581 2434 tu
592 2372 708 2456 jugulo,
724 2373 772 2434 vel
787 2385 919 2453 pectore,
933 2371 1026 2434 talum

172 2462 279 2526 Conda
293 2466 390 2529 meot'
407 2466 605 2551 jugulumque
620 2469 707 2530 simul
722 2480 888 2558 poenasque
902 2466 1022 2529 retexit.

172 2560 311 2623 ‘Scilicet
325 2576 376 2624 aut
389 2563 441 2625 ulli
455 2564 564 2625 servire
579 2564 740 2646 Polyxena
753 2563 870 2640 serrem,
1080 2564 1148 2627 455

160 2657 234 2719 Aut
249 2658 374 2740 pertale
389 2680 506 2722 sacrum
520 2681 629 2733 numen
645 2659 808 2743 placabitur
823 2658 928 2726 cumn.

171 2748 253 2816 Mors
264 2748 383 2817 'tanturn
398 2756 507 2818 vellem
521 2770 646 2818 matrem
661 2778 729 2819 mea
743 2756 843 2819 fallere
862 2768 974 2840 posset.

171 2848 271 2913 Mater
285 2852 388 2929 obest3
409 2852 573 2936 minuitque
589 2854 670 2915 necis
684 2854 756 2917 mihi
769 2852 892 2935 gaudia:
916 2850 1050 2934 quamvis

171 2944 240 3009 Non
255 2968 321 3010 mea
336 2970 414 3011 mors
429 2948 480 3027 illi,
496 2950 598 3011 verlrm
609 2970 664 3010 sua
678 2950 738 3011 vita
751 2947 898 3030 gemenda
918 2960 974 3009 cst.

172 3040 236 3105 Vos
250 3044 350 3121 modd,
365 3066 404 3107 ne
420 3044 540 3127 Stygios
555 3044 659 3107 adeam
674 3066 734 3105 non
749 3044 840 3106 libera
855 3062 969 3119 manes,
1081 3041 1147 3105 460

171 3136 244 3201 Este
259 3141 379 3222 procul;
401 3140 425 3203 si
436 3140 517 3224 justa
531 3154 619 3225 peto:
643 3154 784 3225 tactuque
799 3138 897 3201 viriles

171 3234 312 3317 Virgineo
326 3252 480 3301 removete
494 3260 627 3302 manusc
639 3238 790 3322 acceptior
803 3236 856 3313 illi,
907 3234 910 3237 ’

170 3331 313 3416 Quisquis
327 3334 352 3395 is
367 3348 422 3413 est,
438 3357 526 3419 quern
541 3335 627 3398 caede
640 3334 710 3398 med
723 3336 840 3420 placare
855 3330 974 3416 putatis,

169 3428 261 3491 Liber
275 3431 329 3492 erit
343 3432 470 3514 sanguis.
515 3432 548 3495 Si
563 3454 636 3517 quos
650 3446 749 3494 tamen
759 3430 863 3494 ultima
876 3427 968 3492 nostri

171 3524 252 3588 Vota
265 3542 387 3591 movent
401 3528 477 3607 oris3
499 3529 610 3591 Priami
627 3551 679 3591 vos
693 3529 752 3591 lilia
766 3526 854 3609 regis,
1082 3521 1151 3587 465
