2634 4259
570 382 697 436 tmen
720 381 767 430 iv.
794 422 799 428 .
887 398 891 403 -
937 347 949 359 ⁶

183 536 289 599 Pande
303 532 462 619 requirenti
477 553 584 612 nomen
599 546 742 613 terraque
756 543 917 611 tuumque3

186 633 228 696 Et
241 654 294 697 cur
308 626 521 713 vinclafgems)
566 628 669 691 Primo
685 628 750 688 silet
765 626 830 688 illa:
853 647 909 687 nec
923 624 1014 689 audet

185 728 349 812 Appellare
364 728 459 790 virum
469 727 573 807 virgo:
596 724 790 806 manibusque
805 722 955 785 modestos

183 825 325 888 celasset
340 826 456 901 vultus5
478 814 515 885 ει*
517 844 576 885 non
584 821 712 903 religata
725 820 837 882 luisset.
995 887 998 891 A
1094 820 1169 886 320'

185 921 326 999 Lumina,
343 922 423 1005 quod
437 920 543 1005 potuit,
557 917 695 1001 lacrymis
709 918 845 1001 implevit
860 916 979 979 obortis.

75 1058 79 1063 ·
185 1019 323 1103 Saepius'
316 1019 444 1095 instanti,
459 1037 564 1079 suane
580 1016 689 1078 delicta
703 1014 786 1077 sateri

186 1116 276 1179 Nolle
292 1117 451 1193 videretur,
466 1134 575 1177 nomen
590 1126 738 1201 terraeque
750 1132 907 1195 suumque,

130 1286 132 1289 ¹
188 1212 371 1297 Quantaque
385 1226 522 1288 materne
538 1208 624 1272 fuerit
637 1210 746 1273 fiducia
759 1208 870 1285 forma,

187 1308 312 1373 Iudicat.
356 1309 408 1386 Et,
422 1307 553 1372 nondum
568 1307 737 1372 memoratis
750 1306 898 1382 omnibus,
910 1304 993 1369 unda
1098 1306 1164 1373 325

187 1406 336 1469 Insonuit:
359 1407 540 1489 veniensque
555 1405 700 1466 inmenso
714 1404 815 1465 bellua
827 1416 920 1485 ponto

188 1504 320 1581 Eminet,
335 1518 365 1567 et
379 1505 471 1567 latum
486 1504 540 1565 sub
555 1514 675 1591 pectore
690 1500 821 1585 possidet
840 1521 949 1583 aequor.

187 1600 365 1665 Conclamat
380 1601 477 1683 virgo:
491 1600 615 1682 -genitor
629 1598 769 1680 lugubris,
784 1612 816 1660 et
830 1618 933 1659 arnens

188 1692 289 1761 Mater
303 1698 403 1775 adest;
425 1698 513 1760 ambo
526 1696 641 1774 miseri,'
651 1696 705 1761 sed
715 1694 823 1781 justiis
836 1695 896 1757 illa.

187 1794 255 1859 Neo
269 1816 371 1857 secum
385 1794 539 1870 auxilium,
553 1794 606 1855 sed
621 1790 724 1875 dignos
737 1806 872 1875 tempore
887 1791 985 1866 fletus,
1100 1791 1165 1855 38⁰

188 1890 425 1975 Plangoremque
441 1889 552 1953 serunt:
576 1890 735 1972 vinctoque
749 1889 780 1950 in
793 1908 916 1971 corpore
931 1887 1091 1951 adherent.

189 1987 270 2051 Ctm
285 1989 326 2051 sic
342 1989 452 2070 hospes
466 1987 523 2049 ait:
547 1985 781 2069 ιΙιαιιιγιιιιιιιιιιι
794 1985 883 2065 longa
895 2004 1016 2046 manere

188 2084 340 2169 Tempora
363 2106 415 2148 vos
446 2097 601 2167 poterunt:
624 2083 662 2147 ad
691 2104 780 2166 opem
802 2082 899 2144 brevis
920 2082 994 2145 hom
1014 2079 1165 2147 ferendam

239 2200 241 2205 ’
317 2196 372 2245 est.
899 2186 903 2191 “
1237 2169 1239 2173 ’

189 2276 277 2343 Hanc
292 2302 348 2362 ego
362 2280 386 2342 si
401 2293 534 2363 peterem
548 2278 678 2342 Perseus
691 2277 770 2342 Jove
784 2291 881 2354 natus,
896 2290 927 2341 et
945 2277 994 2339 ille

189 2376 334 2459 Gorgonis
349 2378 528 2458 anguicomae
543 2374 673 2438 Perseus
686 2384 850 2457 superator,
865 2387 896 2436 et
909 2374 963 2437 alis
1101 2374 1166 2438 336

119 2492 123 2499 ·
189 2473 348 2537 AEthereas
363 2494 451 2535 ausus
462 2473 581 2557 jactatis
595 2473 636 2534 ire
652 2492 709 2555 per
721 2492 825 2546 auras;

115 2586 122 2600 ·
188 2568 345 2633 Praelemer
359 2571 472 2633 cunctis
487 2570 568 2657 certe
584 2589 685 2651 gener.
730 2568 853 2631 Addere
867 2568 955 2631 tantis

189 2666 318 2731 Dotibus
333 2681 363 2729 et
378 2668 514 2731 meritum
532 2666 666 2755 (faveant
679 2666 770 2729 modo
783 2664 920 2750 numina)
936 2679 1030 2729 tento.

118 2797 129 2807 ·
188 2762 233 2826 Ut
246 2785 315 2827 mea
328 2764 375 2841 sit,
389 2778 506 2827 servata
519 2764 589 2827 med
603 2764 723 2839 virtute,
737 2763 891 2846 paciscor)

189 2862 350 2944 Accipiunt
364 2861 474 2943 legem,
491 2861 573 2946 (quis
586 2850 666 2923 enim
680 2861 827 2922 dubitaret
836 2859 866 2944 l)
881 2872 912 2921 et
926 2873 1020 2936 orant,
1100 2861 1165 2923 340

189 2956 426 3041 Promittuntque
441 2959 531 3041 super
545 2978 669 3038 regnum
684 2958 793 3035 dotale,
808 2970 957 3038 parentes.

231 3054 315 3117 Ecce
331 3050 413 3117 velut
426 3054 520 3129 navis,
535 3054 654 3136 praefixo
669 3053 785 3114 concita
799 3067 902 3129 rostro,

189 3150 291 3215 Sulcat
306 3173 406 3235 aquea,
418 3150 563 3235 juvenum
578 3149 750 3211 sudantibus
765 3163 832 3213 neta
845 3150 980 3229 lacertis3

188 3249 238 3311 Sic
253 3248 325 3326 sera,
340 3249 455 3311 dimotis
470 3248 597 3331 impulsu
612 3247 739 3331 pectoris
755 3249 851 3324 undis,

187 3344 320 3407 Tantum
335 3346 433 3407 aberat
448 3345 587 3429 ampulla,
602 3359 744 3429 quantum
758 3345 915 3408 Balearica
927 3359 1004 3408 torto
1099 3347 1164 3411 345

188 3440 297 3503 Funde
311 3456 407 3524 potest
422 3443 544 3526 plumbo
558 3442 649 3504 medii
664 3444 861 3504 transmittere
876 3441 965 3505 coeli:
1177 3431 1179 3434 ⁵

189 3538 271 3601 Cim
285 3539 381 3601 subito
390 3538 519 3624 juvenis,
535 3538 659 3622 pedibus
673 3540 778 3601 tellure
791 3538 922 3623 repulsd,
994 3602 1000 3612 ,
