2634 4259
175 416 236 482 166
569 424 764 476 Eunomus.

172 570 231 636 Ibis
245 572 407 657 Cecropios
422 586 533 657 portus,
547 574 701 658 patriique
716 587 853 655 receptus
1082 571 1144 697 135

214 668 294 733 Cirm
309 670 422 733 steteris
437 670 516 733 urbis
529 671 626 735 celsus
640 670 670 733 in
684 691 751 732 arce
766 683 834 745 tue,
1001 670 1005 675 ⁴

172 764 215 828 Et
228 766 304 828 bene
318 766 440 829 narreris
455 767 548 829 letum
563 767 695 850 taurique
711 764 835 849 virique,

202 860 362 946 Sectaque
376 884 430 947 per
444 863 546 925 dubias
560 883 651 924 saxea
665 876 745 924 tecta
759 862 839 947 vias;

171 954 226 1019 Me
242 978 358 1042 quoque
372 973 487 1021 narrato
502 958 565 1021 sold
578 958 683 1021 tellure
697 958 846 1020 relictam:

214 1052 284 1115 Non
298 1075 355 1135 ego
368 1076 433 1117 sum
447 1056 537 1119 titulis
550 1054 738 1137 subripienda
755 1054 822 1116 tuis.
863 1079 867 1085 ·

171 1146 239 1211 Nec
254 1162 337 1231 pater
351 1150 542 1233 estAEgeus3
564 1170 620 1212 nec
634 1164 667 1211 tu
683 1148 850 1212 Pittheidos
864 1146 979 1208 AEtbrae
1085 1197 1091 1202 .

215 1243 326 1309 Filius:
349 1261 482 1310 auctores
497 1268 569 1311 saxa
582 1246 748 1331 fretumque
761 1246 815 1310 tui.

173 1340 216 1403 Di
230 1341 370 1420 fecerent,
384 1356 418 1405 ut
431 1364 480 1406 me
495 1343 611 1407 summi
624 1343 663 1404 de
679 1362 781 1425 puppe
797 1340 930 1404 videres!
985 1337 987 1340 ’

215 1436 360 1501 Movisset
375 1439 473 1503 vultus
486 1451 593 1507 moesta
606 1439 698 1521 figura
711 1452 788 1500 tuos.

173 1532 262 1597 Nunc
277 1556 394 1619 quoque
409 1558 468 1597 non
483 1536 585 1613 oculis,
600 1535 665 1612 sed,
680 1534 740 1619 qud
753 1546 848 1618 potes,
863 1532 983 1615 adspice
998 1544 1100 1594 mente

216 1628 386 1693 Heremem
400 1632 532 1713 scopulo,
547 1652 636 1715 quern
653 1650 728 1712 vaga
740 1630 836 1714 pulsat
850 1642 937 1713 aqua:
1083 1629 1146 1692 136

173 1725 305 1810 Adspice
320 1726 461 1789 demissos
475 1727 606 1809 lugentis·
614 1727 644 1788 in
658 1748 709 1789 ore
723 1726 863 1809 capillos3

215 1820 258 1885 Et
271 1823 383 1885 tunicas
396 1823 543 1907 lacrymis,
558 1823 634 1885 siout
647 1824 684 1885 ab
697 1823 800 1903 imbre,
815 1842 929 1903 graves.

173 1917 303 2001 Corpus,
317 1932 350 1981 ut
364 1919 494 2002 impulsae
509 1932 624 2001 segetes
638 1919 846 2003 Aquilonibus,
861 1919 978 1980 horret:

215 2014 374 2099 Literaque
390 2016 511 2078 aniculo
525 2037 626 2099 pressa
639 2029 784 2078 tremente
798 2005 888 2077 labar.
1084 2016 1147 2077 140

173 2112 244 2177 Non
258 2128 288 2176 te
304 2136 358 2198 per
371 2116 519 2191 meritum,
536 2117 673 2197 quoniam
687 2116 765 2178 malie
780 2116 881 2194 cessit,
894 2115 994 2177 adoro.

216 2208 329 2271 Debita
341 2210 378 2272 sit
393 2209 471 2271 fecto
485 2210 576 2291 gratia
590 2209 671 2271 nulla
685 2231 770 2273 meo:
1042 2206 1049 2209 ’

174 2304 234 2367 Sed
249 2326 305 2367 uec
319 2326 408 2389 poena
423 2307 552 2389 quidem.
596 2306 703 2368 Sinon
718 2328 774 2389 ego
787 2328 876 2370 causa
894 2308 1008 2386 salutis,

216 2400 287 2464 Noa
300 2417 400 2465 tamen
414 2417 469 2480 est,
484 2404 588 2467 cursis
602 2416 634 2465 tu
649 2404 722 2466 milri
735 2426 823 2467 causa
839 2406 930 2486 necis,

174 2494 239 2561 Has
253 2499 316 2576 rui,
331 2495 497 2581 plangendo
510 2500 644 2581 lugubria
657 2514 779 2583 pectora
792 2502 895 2579 lassas,
1084 2456 1152 2565 1⁴15v

216 2593 324 2656 Infelix
338 2596 429 2657 tendo
442 2609 520 2657 trans
535 2594 609 2658 freta
622 2597 712 2677 longa
725 2618 840 2659 manus,

152 2740 156 2747 .
174 2684 240 2753 Hos
254 2690 316 2765 tibi,
332 2691 381 2772 qui
395 2705 543 2778 superant,
558 2692 683 2753 ostendo
698 2707 804 2755 rnoesta
817 2693 948 2776 capillos.

217 2785 278 2849 Per
291 2786 434 2869 lacrymas
448 2807 511 2863 oro,
526 2807 597 2870 quas
612 2800 664 2849 tua
678 2787 755 2850 sacta
768 2804 910 2852 movent:

175 2878 280 2945 Flecte
294 2896 397 2960 ratem,
412 2880 535 2944 Theseu
545 2905 553 2959 3
563 2904 720 2967 ,versoque
735 2885 866 2947 relabere
881 2886 958 2948 velo.

218 2976 250 3041 Si
265 2978 344 3062 pride
357 2978 514 3057 occider03
535 2992 568 3061 tu
582 2992 682 3043 tamen
696 2981 867 3064 ossaleges.
974 3003 978 3011 ·
1085 2984 1144 3045 150

1293 621 1309 745 l
