2634 4259
168 328 212 391 20
479 334 828 386 uuunuonruosnon

170 482 274 549 Pleias
283 484 372 547 enixa
387 498 448 547 est:
470 485 589 568 letoque
604 485 665 561 det,
679 484 813 567 imperat,
828 485 954 567 Argum.

170 578 267 643 Parva
281 602 363 645 mora
376 595 432 657 est,
447 582 510 650 alas,
523 580 659 665 pedibus,
674 580 845 664 virgamque
859 582 973 665 potenti
1079 585 1143 647 550
1218 642 1222 649 .

169 676 364 740 somniferam
378 679 536 761 sumpsisse
550 700 650 755 mann,
664 678 853 761 tegimenque
868 668 990 761 capillis.

169 772 244 836 Haec
258 774 309 836 ubi
323 774 476 857 disposuit3
491 774 586 857 patrii
598 774 677 838 Jove
692 788 778 836 natus
793 776 831 836 ab
846 796 915 837 arce

169 869 279 933 Desilit
292 870 323 931 iu
336 883 437 932 terras.
479 870 546 933 Illic
560 872 749 954 tegimenque
764 871 902 947 removit,

170 965 211 1028 Et
225 966 322 1049 posuit
337 988 465 1049 pennas:
488 968 693 1029 tantummodo
708 962 789 1049 uirga
802 981 917 1029 retenta
931 980 986 1029 est.

169 1060 238 1125 Haic
253 1063 322 1145 agit,
335 1059 370 1125 ut
384 1077 493 1147 pastor,
508 1085 562 1147 per
576 1064 663 1126 deuia
677 1086 744 1126 rura
757 1064 899 1147 capellas,
1078 1066 1141 1127 555

168 1159 252 1221 Dum
269 1160 359 1237 veuit,
375 1160 532 1223 abductas:
555 1175 586 1223 et
600 1161 717 1223 structis
730 1174 830 1223 cantat
844 1160 955 1223 avenis.

212 1255 298 1319 Voce
313 1257 391 1319 noval
404 1271 510 1340 captus
524 1271 622 1320 custos
635 1257 792 1335 Junonius,
808 1258 871 1320 ‘At
886 1272 928 1334 tu,

169 1351 333 1437 ‘Quisquis
347 1375 391 1430 es,
405 1354 463 1416 hoc
477 1368 595 1437 poteras
609 1375 729 1416 mecum
742 1353 895 1417 considere
910 1353 1005 1431 sax0,'

168 1449 269 1531 Argus
283 1449 340 1512 ait:
364 1457 481 1533 ‘neque
496 1450 575 1513 enim
589 1450 691 1533 pecori
705 1449 869 1513 soecundior
882 1451 943 1513 ullo

169 1545 271 1609 Herba
285 1548 351 1609 loco
365 1561 426 1609 est:
451 1561 609 1631 aptamque
625 1547 707 1609 vides
723 1548 885 1631 pastoribus
899 1546 1055 1609 umbram!

168 1642 252 1705 Sedit
266 1642 462 1719 Atlantiades,
477 1657 508 1705 et
527 1657 647 1705 euntem
662 1645 755 1706 multa
768 1644 916 1727 loquendo
1077 1645 1135 1707 561

169 1739 305 1803 Detinuit
319 1761 454 1801 sermone
469 1740 566 1802 diem:
584 1738 753 1825 junctisque
768 1740 903 1803 canendo

169 1835 299 1899 Vincere
314 1836 501 1898 arundinibus
516 1836 662 1901 servantia
675 1836 786 1899 lumina
800 1851 910 1901 tentat:

167 1930 222 1997 llIe
237 1947 336 1997 tamen
350 1947 462 2016 pugnat
474 1934 579 1997 molles
593 1933 730 1997 evincere
744 1956 878 1997 somnos:

169 2031 220 2107 Et,
235 2032 369 2115 quamvis
383 2052 471 2115 sopor
484 2046 530 2095 est
544 2034 696 2096 oculomm
711 2046 795 2117 parta
804 2046 963 2116 ¹receptus3
1077 2030 1140 2093 565

168 2127 259 2190 Parte
273 2143 373 2191 tamen
387 2129 497 2209 vigilat.
542 2128 656 2201 Quaerit
672 2150 799 2212 quoque,
818 2128 961 2213 (namque
975 2141 1093 2212 reperta

168 2223 284 2286 Fistula
298 2245 394 2307 nuper
408 2223 485 2309 erat)
502 2224 562 2306 quai
575 2224 612 2286 sit
626 2224 738 2286 ratione
752 2238 879 2307 reperta.
905 2226 907 2234 ’

168 2320 256 2383 Talia
270 2321 397 2383 dictums
413 2320 486 2383 vidit
500 2318 657 2403 Cyllenius
671 2342 773 2383 omnes

169 2418 367 2482 succubuisse
380 2416 493 2495 oculos,
509 2416 709 2503 adopertaque
723 2418 834 2481 lumina
855 2438 970 2482 somno.
985 2434 986 2441 ’

170 2516 332 2598 Supprimit
347 2516 500 2598 externplo
514 2536 636 2578 vocam:
658 2515 813 2599 firmatque
828 2538 976 2599 soporem,
1078 2516 1141 2577 570

170 2612 326 2695 Languida
338 2613 525 2696 permulcens
539 2610 687 2674 medicati
700 2612 810 2675 lumina
824 2612 917 2694 virgi.

170 2709 238 2773 Nec
252 2731 349 2773 mora:
372 2708 479 2772 falcato
493 2721 647 2771 nutantem
662 2710 795 2771 vulnerat
810 2729 892 2786 ense,

170 2805 245 2880 Qut
257 2807 335 2869 collo
348 2806 462 2869 confine
476 2818 583 2889 caput:
606 2825 739 2888 saxoque
753 2818 908 2867 cruentum

170 2903 300 2988 Dejicit3
321 2918 352 2967 et
365 2902 494 2967 maculat
509 2915 684 2985 preruptam
698 2902 838 2984 sanguine
852 2916 981 2965 cautem.
1086 2910 1093 2930 ¹

96 3041 105 3057 .
170 2998 267 3083 Arge,¹
274 3001 373 3085 jaces:
397 3000 534 3092 quodque
549 3000 579 3061 in
593 3013 637 3061 tot
650 3000 761 3061 lumina
775 2999 875 3067 lumen
890 2999 1019 3080 habebas
1067 2984 1140 3061 v575

171 3097 360 3161 Exstinctum
375 3112 436 3160 est:
459 3111 639 3181 centumque
653 3098 755 3159 oculos
769 3118 830 3159 nox
845 3109 973 3181 occupat
986 3114 1055 3160 uua.
1097 3164 1100 3169 ,

171 3194 294 3278 Excipit
307 3195 372 3271 hos,
387 3189 571 3277 volucrisque
586 3214 645 3255 suae
660 3194 797 3255 Saturnia
811 3195 915 3276 pennis

171 3290 326 3370 Collocat3
355 3304 386 3353 et
401 3291 524 3373 gemmis
538 3288 664 3353 caudam
679 3290 861 3353 stellantibus
876 3290 989 3373 implet.

213 3388 351 3451 Protinus
366 3388 485 3464 exarsit,
499 3409 556 3449 nec
571 3400 708 3470 tempora
722 3387 833 3449 distulit
848 3388 906 3465 irae,
928 3428 929 3431 =
995 3448 997 3453 .

1205 3085 1289 3135 »a
1299 3121 1300 3124 ,

172 3485 411 3569 Horriferamque
426 3485 518 3547 oculis
533 3483 689 3570 animoque
704 3483 813 3569 objecit
828 3482 963 3569 Erinnyn
1080 3486 1145 3547 580
1206 3539 1208 3543 ,
