2634 4259
575 408 683 461 LIBER
697 408 745 461 lv.

166 555 303 619 Arboris.
347 556 448 619 Arbor
462 557 512 634 ibi,
526 557 619 620 niveis
633 559 778 621 uberrima
792 559 897 642 pomis,

134 654 138 659 ’
167 653 273 716 Ardua
287 674 396 730 morus,
411 667 485 730 erat,
499 654 597 737 gelido
610 656 792 718 contermina
806 656 887 720 sonti.

167 747 264 811 Pacta
279 751 415 833 placent:
439 764 471 812 et
484 751 547 827 lux,
559 751 642 813 tarde
656 752 801 815 decedere
816 753 889 830 visa,

168 844 373 929 Pracipitatur
387 847 481 931 aquiS,
497 861 527 909 st
542 848 624 931 aquis
638 870 698 910 nox
709 849 803 931 surgit
817 850 854 914 ab
868 849 974 915 isdem.

213 942 331 1006 Callida
345 966 399 1027 per
412 945 558 1021 tenebras,
573 959 689 1007 versato
702 946 831 1023 cardine,
845 945 960 1011 Thisbe
1033 1019 1039 1029 ,

169 1038 340 1121 Egreditur,
355 1040 487 1124 fallitque
502 1042 586 1104 siros:
610 1042 809 1126 adopertaque
827 1045 940 1107 vultum

169 1134 314 1199 Pervenit
329 1137 366 1199 ad
381 1138 527 1200 tumulum
536 1152 546 1215 ;'
566 1138 703 1223 dictique
715 1141 772 1202 sub
787 1141 889 1204 arbore
903 1142 990 1206 sedit.

171 1233 329 1295 Audacem
344 1234 469 1297 faciebat
483 1256 573 1313 amor.
619 1234 713 1299 Venit
726 1258 798 1300 eece
811 1239 925 1303 receuti

172 1328 266 1392 Caede
280 1330 376 1394 leaena
389 1331 479 1395 boum
493 1348 664 1416 spumantes
677 1334 768 1397 oblita
780 1336 880 1413 rictus,
939 1345 946 1357 '

138 1454 140 1459 ·
172 1425 354 1511 Depositum
362 1428 444 1490 'sitim
458 1430 545 1493 vicini
559 1430 645 1509 septis
660 1432 690 1493 in
704 1432 795 1494 andri.
947 1422 950 1427 ’

173 1521 276 1596 Quam
291 1526 393 1608 procul
408 1525 445 1587 ad
458 1525 534 1589 lune
548 1527 643 1589 radios
657 1527 826 1611 Babylonia
839 1526 954 1591 Thisbe

174 1618 274 1683 Vidit:
298 1635 328 1683 et
342 1622 497 1686 obscumm
512 1624 628 1709 trepido
641 1626 720 1709 pede
732 1625 808 1708 sugit
823 1627 853 1691 in
868 1630 994 1690 autumi.
1072 1640 1076 1645 ’
1120 1641 1124 1646 ’

173 1716 315 1802 Dumque
330 1717 413 1801 sugit,
428 1732 510 1803 tergo
525 1723 670 1785 velamina
683 1723 766 1807 lapsa
778 1724 926 1808 relinquit.
1100 1724 1145 1787 30

173 1812 217 1888 Ut
231 1814 278 1877 lea
290 1836 372 1878 saera
385 1816 463 1879 sitim
478 1818 572 1879 multi
583 1821 767 1903 compescuit
779 1818 870 1897 uadi,

173 1909 256 1972 Dum
270 1911 346 1974 redit
359 1912 389 1975 in
404 1913 502 1989 silvas,
517 1913 650 1977 inventos
665 1916 739 1977 sorte
753 1916 816 1977 aine
830 1914 897 1999 ipsi

173 2006 235 2070 Ore
249 2023 402 2073 ementito
418 2023 522 2072 tenues
536 2010 655 2085 laniavit
669 2012 803 2076 arnictrts.

215 2104 315 2167 Serids
330 2128 464 2189 egressus
480 2106 601 2189 vestigia
616 2108 689 2171 vidit
702 2109 732 2171 in
745 2108 805 2172 alto

172 2198 301 2265 Pulvere
315 2216 396 2265 certa
411 2203 488 2281 sere,
503 2217 623 2288 totoque
638 2206 782 2289 expalluit
794 2228 846 2269 ore
1100 2206 1144 2271 36

172 2296 329 2381 Pyramus.
373 2298 417 2362 Ut
433 2301 503 2363 verb
518 2314 631 2369 vestem
647 2324 765 2387 quoque
777 2302 918 2385 sangnine
932 2302 1056 2366 tinctam

174 2392 299 2477 Repetit
308 2416 328 2471 ;·
338 2403 348 2432 ‘
356 2394 427 2458 Una
441 2396 514 2459 duos
528 2398 610 2474 nox,'
626 2398 730 2481 inquit,
744 2399 871 2481 ‘perdet
882 2412 1030 2488 amantes:

173 2488 203 2553 Ε
218 2492 322 2573 quibus
336 2491 385 2553 illa
399 2490 453 2555 fuit
465 2491 555 2574 longi
569 2494 738 2575 dignissima
749 2492 828 2557 aaa:

173 2585 281 2649 Nostra
295 2608 405 2649 nocens
418 2588 515 2651 anima
529 2604 585 2651 est.
630 2589 698 2672 Ego
711 2603 753 2668 te,
767 2589 939 2667 miseranda,
954 2589 1079 2675 peremi,

142 2672 147 2680 ’
173 2682 208 2744 ln
221 2682 287 2744 loca
301 2683 386 2766 plena
401 2683 498 2747 metris
513 2686 562 2769 qui
572 2685 648 2771 jussi
659 2700 746 2749 nocte
762 2687 894 2749 venires:
1099 2686 1143 2751 40

174 2778 240 2841 Nec
254 2780 332 2862 prior'
345 2780 403 2843 huc
419 2781 497 2843 veni.
541 2779 571 2843 N
573 2796 683 2845 ostrum
697 2783 826 2845 divellite
839 2804 958 2867 eorpus,
1072 2804 1076 2809 ·

174 2874 215 2937 Et
228 2876 369 2939 scelerata
383 2875 445 2941 fero
459 2879 622 2941 consumite
638 2879 751 2967 viscera
762 2900 873 2955 morsu,

173 2970 203 3032 Ο
216 2973 384 3057 quicunque
398 2976 452 3037 sub
466 2974 524 3037 hac
538 2976 672 3039 habitatis
685 2996 770 3057 rupe,
784 2975 907 3037 leones?

174 3066 234 3130 Sed
247 3070 341 3133 timidi
355 3084 399 3133 est
405 3076 516 3154 'optare
530 3093 645 3137 necem,
691 3071 848 3134 llelamina
860 3064 992 3133 Thisbes

11 3158 14 3165 ⁴
113 3228 116 3237 ,
172 3163 276 3242 Tollit,
291 3180 320 3229 et
335 3168 372 3231 ad
388 3182 480 3252 pactae
495 3190 595 3231 secum
610 3168 666 3233 sert
680 3168 789 3231 arboris
802 3168 950 3231 umbram,
1099 3168 1143 3231 «15

174 3260 276 3345 thue
292 3263 371 3326 dedit
385 3279 461 3329 note
474 3265 632 3348 lacrymae,
648 3266 730 3329 dedit
742 3266 844 3330 oscula
857 3265 949 3328 vesti:

174 3358 310 3441 ‘Accipe
324 3362 424 3438 nunc,'’
439 3362 543 3445 inquit,
558 3364 667 3425 ‘nostri
682 3384 799 3446 quoque
813 3361 961 3443 sanguinis
981 3359 1103 3425 haustus
1114 3358 1134 3424 :’

174 3452 305 3537 Quoque
321 3471 383 3519 erat
397 3458 555 3535 accinctus,
571 3458 698 3522 demittit
711 3460 744 3523 in
757 3459 805 3521 ilia
818 3457 937 3519 serrum.

175 3549 244 3613 Nec
258 3573 359 3631 mora;
381 3554 505 3621 ferventi
519 3556 645 3621 moriens
659 3576 677 3618 e
693 3556 814 3620 vulnere
831 3552 934 3622 traxlta
