2634 4259
146 398 189 465 84
456 406 810 484 nnsauonnrosnon
867 434 870 437 ι

146 557 329 622 Semanimes
344 580 439 621 errare
454 560 518 636 viis,
534 559 605 621 dum
618 557 695 621 s't'are
710 559 864 635 valebants

148 655 343 737 Adspiceres3
365 656 472 718 flentes
489 657 569 733 alios,
584 669 727 739 terraque
737 655 872 740 jacentes
882 674 898 732 3·
1056 657 1126 719 no

145 750 298 833 Lassaque
313 758 462 817 versantes
477 772 615 835 supremo
629 752 741 814 lumina
753 766 847 815 motu.

178 846 273 919 'Quid
286 839 358 909 'mihi
372 862 442 911 tuno
457 849 546 910 animi
559 847 634 910 suit?
656 863 705 925 an,
721 848 800 932 quod
815 848 918 911 debuit·
928 865 1004 925 esse,
1060 845 1062 848 ’

146 942 191 1005 Ut
205 944 296 1006 vitam
310 941 491 1021 odisseni‚=et
505 964 647 1028 cuperem
661 966 728 1028 pars
743 965 808 1007 esse
823 948 977 1008 meorum?
1047 988 1056 1003 .

148 1039 221 1113 Qub
236 1060 268 1101 se
282 1061 399 1123 cunque
415 1041 492 1103 acies
507 1033 659 1103 oculorum
675 1041 815 1117 flexerat;
837 1041 896 1110 illio

147 1134 264 1217 Vulgus
278 1149 340 1201 erat
355 1150 493 1205 stratum:
517 1137 608 1199 veluti
622 1137 692 1199 oum
708 1138 803 1221 putria
817 1138 904 1200 motis
1056 1129 1118 1201 175

146 1231 242 1311 Poma
256 1233 364 1295 eadunt
378 1232 476 1310 remia,
492 1232 657 1316 agitatique
672 1233 739 1295 ilice
753 1234 884 1315 glandes.

145 1319 275 1413 Templa
291 1330 372 1391 vides
385 1330 497 1406 contra,
512 1329 648 1411 gradssrus
662 1330 797 1391 sublimia
810 1330 921 1413 longis:

145 1424 263 1509 Jupiter
276 1426 326 1501 illa
340 1439 433 1489 tenet.
477 1420 556 1500 Quis
570 1448 629 1489 non
644 1426 781 1489 altaribus
795 1427 850 1490 illis

145 1521 229 1584 Irrita
243 1523 329 1585 thura
343 1523 429 1585 tulit?
453 1523 565 1607 quoties
580 1544 634 1606 pro
647 1523 773 1607 conjuge
788 1524 910 1613 conjux,

145 1618 206 1681 Pro
220 1634 308 1701 gnato
323 1620 446 1703 genitor,
460 1612 531 1681 dum
542 1612 637 1683 'verba
651 1621 802 1703 precantia
815 1621 896 1698 dicit,

146 1714 216 1777 Non
230 1717 356 1789 exoratis
371 1716 498 1778 animam
512 1716 606 1778 finivit
619 1717 648 1778 in
660 1716 715 1778 aris
724 1738 738 1778 :f

144 1810 239 1895 Inque
253 1832 342 1875 manu
356 1812 449 1875 thuris
462 1834 529 1895 pars
543 1813 750 1896 inconsumpta
762 1827 879 1897 reperta
893 1814 959 1877 est!

144 1908 268 1972 Admoti
284 1906 396 1994 quoties
411 1911 546 1994 templis,
555 1910 625 1973 dum
640 1924 709 1973 vota
724 1911 860 1973 sacerdos

145 2006 302 2091 Concipit,
311 2021 342 2069 et
355 2006 449 2069 firndit
464 2028 571 2091 purum
585 2008 661 2069 inter
674 2029 783 2070 cornua
797 2008 908 2085 vinum,

144 2100 235 2165 Haud
251 2118 423 2188 exspectato
437 2104 608 2165 oeciderunt
622 2104 744 2165 vulnere
758 2105 849 2166 tauri!

144 2198 213 2283 lpse
228 2221 283 2281 ego
298 2222 379 2262 saera
393 2199 463 2261 Jovi
477 2220 531 2282 pre
544 2220 604 2275 nra,
619 2199 783 2283 patriique,
798 2199 946 2282 tribusque

144 2295 226 2359 Cum
240 2296 367 2359 facerem
381 2296 467 2372 natis,
481 2295 609 2377 mugitus
624 2296 744 2358 victima
758 2296 834 2358 diros

143 2392 263 2455 Edidit:
286 2406 315 2454 et
330 2392 427 2455 subito
441 2392 571 2475 collapsa
585 2393 647 2455 sine
663 2393 767 2455 ictibus
781 2392 848 2455 ullis
872 2384 881 2392 ⁸
1001 2414 1005 2417 ·

143 2488 264 2571 Exiguo
278 2490 364 2551 tinxit
379 2489 527 2574 subjectos
542 2491 684 2572 sanguine
697 2491 815 2553 cultros.
834 2529 836 2534 ·
916 2478 918 2482 ’

143 2584 233 2649 Fibra
248 2608 364 2670 quoque
380 2608 455 2668 agra
469 2580 553 2649 notas
568 2586 639 2662 veri,
654 2588 840 2671 monitusque
856 2585 978 2649 deorum

143 2682 334 2745 Prodiderat:
358 2683 454 2745 tristes
469 2697 624 2766 penetrant
639 2684 676 2745 ad
692 2684 804 2746 viscera
818 2684 922 2746 morbi.

142 2779 224 2841 Ante
239 2802 335 2842 sauros
351 2780 410 2843 vidi
426 2779 556 2865 projecta
569 2780 715 2843 cadavera
727 2794 837 2864 postes,

142 2876 223 2939 Ante
238 2878 327 2961 ipsas
343 2877 402 2961 qub
416 2900 493 2939 mors
508 2876 583 2940 soret
598 2878 775 2954 invidiosior,
790 2893 865 2941 arae.

141 2972 215 3035 Pars
230 2976 356 3037 animam
371 2976 478 3059 laqueo
490 2975 648 3052 claudunt;
671 2976 829 3059 mortisque
844 2976 978 3037 timorem

140 3068 241 3132 Morte
256 3065 373 3153 fug'ant:
397 3072 531 3155 ultroque
547 3086 654 3134 vocant
669 3072 817 3135 venientia
830 3069 909 3135 fata:
1053 3074 1112 3136 195

141 3165 277 3251 Corpora
290 3169 378 3230 missa
392 3168 457 3231 neci
472 3168 558 3234 nullis
574 3169 610 3229 de
626 3190 708 3231 more
723 3168 855 3231 seruntur

140 3250 324 3326 Funeribus:
348 3285 445 3348 neque
460 3265 539 3327 enirn
553 3266 710 3347 sapiebant
724 3264 826 3327 funem
839 3280 940 3349 porta.
1051 3297 1057 3306 ·

140 3360 204 3423 A'ut
218 3360 369 3423 inhumata
384 3375 521 3444 premunt
535 3375 625 3423 terras
636 3353 655 3423 τ’
666 3376 717 3423 aut
732 3363 837 3424 dantur
850 3363 880 3425 in
894 3364 970 3426 altos

140 3456 274 3519 indotata
288 3480 384 3543 rogos·
430 3455 476 3519 Et-
482 3458 544 3541 jam
559 3459 724 3520 reverentia
737 3460 817 3521 nulla
836 3473 898 3521 est:
1149 3539 1151 3543 Α

140 3553 250 3638 Deque
265 3555 341 3637 rogis
357 3568 505 3637 pugnant:
529 3555 690 3639 alienisque
705 3556 818 3638 ignibus
833 3557 946 3639 ardent,
1048 3556 1112 3617 200
