2634 4259
151 395 194 459 26
472 403 824 455 uurmomrrosuou

151 548 302 633 Contigit3
324 565 355 614 et
367 552 476 636 rapide
491 552 560 616 fecit
575 553 717 637 patientia
730 553 869 616 flamme.

150 647 353 732 Imposuitque
368 670 460 713 comae
475 651 587 713 radios:
611 671 801 735 praesagaque
815 649 911 713 luotirs

151 743 278 807 Pectore
292 746 416 809 sollicito
429 760 567 830 repetens
581 748 716 831 suspiria,
731 747 825 810 dixit:
839 804 844 811 ,

151 841 203 905 ‘Si
218 854 303 925 potes
317 842 366 905 hio
381 843 485 906 saltem
499 842 617 907 monitis
632 864 737 927 parere
751 844 898 928 paternis;
1066 847 1127 908 125

151 937 257 1016 Parce,
271 960 356 1023 puer,
370 940 512 1019 stimulis3
534 955 564 1004 et
579 941 681 1005 sortiris
695 955 778 1004 utere
792 940 871 1003 loris.
996 1018 1001 1027 .

151 1034 265 1119 Sponte
280 1036 334 1098 suri
348 1051 515 1121 properant.
560 1036 661 1101 Labor
675 1053 720 1101 est
733 1038 865 1101 inhibere
881 1037 1024 1101 volentes.
1098 1073 1101 1078 ·

151 1133 217 1197 Neo
232 1136 284 1198 tibi
298 1135 423 1199 directos
435 1137 554 1219 'placeat
568 1137 616 1199 via
631 1137 761 1223 quinque
776 1157 830 1221 per
844 1158 939 1200 arcus.

151 1231 257 1311 Seotus
272 1233 301 1296 in
316 1233 469 1317 obliquum
484 1247 528 1295 est
541 1234 600 1296 lato
614 1234 785 1297 curvamine
799 1234 894 1311 limes,
936 1262 941 1269 ·

150 1328 363 1413 Zonarumque
377 1330 464 1393 trium
479 1344 634 1393 contentus
649 1332 725 1393 fine:
748 1330 910 1414 polumque
1064 1332 1127 1396 130

151 1424 284 1508 Effingito
298 1428 466 1505 australem,
477 1426 671 1512 junctamque
686 1427 870 1512 aquilonibus
884 1427 1009 1489 Arcton.
1088 1488 1092 1493 ,

151 1521 220 1605 Heio
235 1524 266 1586 fit
280 1524 352 1586 iter:
375 1524 529 1587 manifesta
542 1539 612 1587 rotae
628 1525 751 1607 vestigia
764 1544 879 1587 cernes.

150 1618 253 1704 thue
268 1619 362 1685 serant
371 1616 474 1704 'aequos
489 1634 519 1683 et
534 1621 644 1685 coelum
659 1635 690 1683 et
705 1636 782 1684 terra
794 1622 917 1698 calores,

150 1714 217 1779 Neo
232 1738 346 1801 preme,
360 1738 416 1779 nec
431 1739 579 1779 summum
593 1718 696 1780 molire
711 1739 766 1801 per
779 1719 888 1781 aethera
901 1738 1030 1781 eurtum.

150 1814 250 1876 Altius
264 1835 398 1897 egressus
412 1814 545 1877 coelestia
559 1828 638 1877 tecta
651 1815 795 1878 cremabis
807 1836 815 1892 ;
870 1826 873 1831 '
1064 1817 1126 1879 135
1167 1811 1170 1816 ’

151 1910 274 1974 Inferius
289 1926 397 1975 terras:
420 1912 518 1975 medio
533 1912 694 1975 tutissimus
708 1912 773 1974 ibis.
862 1974 866 1980 ,

151 2008 221 2071 Neu
236 2024 266 2071 te
281 2009 430 2073 dexterior
443 2024 551 2072 tortum
566 2010 696 2073 declinet
709 2010 739 2071 in
754 2009 906 2091 Anguem,

151 2105 239 2169 Neve
252 2106 410 2169 sinisterior
424 2094 554 2190 pressam
569 2120 633 2169 rota
646 2107 735 2169 ducat
749 2105 788 2168 ad
802 2106 915 2167 Aram:

152 2202 232 2266 luter
245 2216 401 2287 utrumque
416 2216 496 2265 tene.
540 2201 680 2265 Fortuna
693 2216 801 2265 uetera
813 2201 941 2279 mand03

152 2300 229 2376 Quae
241 2298 338 2386 juvet,
353 2314 383 2362 et
397 2300 513 2377 melius,
529 2300 617 2384 quam
632 2313 666 2361 tu
679 2298 742 2376 tibi,
756 2300 900 2376 consulat,
914 2313 997 2383 opto.
1064 2303 1127 2365 140

151 2398 234 2461 Dum
249 2398 363 2483 loquor,
379 2396 527 2481 Hesperio
541 2397 649 2481 positas
664 2397 694 2459 in
708 2396 804 2459 littore
819 2410 913 2459 metas

152 2494 285 2558 Humida
299 2516 360 2557 nox
375 2496 479 2577 tetigit.
524 2494 593 2557 Non
610 2508 655 2556 est
669 2516 751 2557 mora
764 2495 856 2557 libera
869 2494 973 2557 uobis:

152 2592 317 2656 Poseimur.
362 2590 495 2675 Effirlget
509 2592 636 2655 tenebris
651 2592 768 2655 Aurora
781 2590 897 2674 fingatis.

152 2688 277 2773 Corripe
291 2690 354 2751 lora
367 2711 475 2754 manu:
499 2690 558 2766 vel,
571 2690 594 2751 si
610 2689 751 2751 mutabile
766 2703 871 2772 pectus

152 2786 209 2849 Est
222 2786 285 2863 tibi,
300 2786 438 2863 consiliio,
453 2808 510 2847 non
526 2786 668 2863 cumbas,
682 2799 765 2848 utere
779 2786 901 2849 nostris:
1066 2788 1126 2849 145

152 2884 235 2947 Dum
251 2898 354 2968 potes3
377 2898 407 2946 et
422 2883 520 2946 solidis
535 2883 696 2946 etiamnum
710 2882 829 2945 sedibus
843 2882 959 2959 adstas3

153 2981 296 3066 Dumque
311 2980 388 3043 male
404 2994 519 3065 optatos
534 2979 666 3043 nondum
680 2980 790 3063 premis
803 2981 911 3045 inscius
925 3002 1009 3043 axes.

153 3078 231 3153 Quae
245 3093 325 3142 tutus
340 3092 467 3163 specteS,
482 3079 545 3142 sine
560 3099 608 3141 me
624 3078 694 3139 dare
708 3078 820 3141 lumina
832 3078 937 3141 terris?

196 3175 335 3260 Occupat
349 3176 398 3238 ilie
412 3177 512 3237 levem
522 3174 647 3260 juvenili
661 3194 785 3257 corpore
799 3195 934 3237 currum:

154 3273 278 3356 Statque
293 3273 401 3357 sup'er3
422 3272 615 3355 manibusque
631 3271 713 3333 datas
727 3270 896 3351 contingere
910 3270 1040 3335 habenas
1066 3273 1129 3335 150

155 3368 292 3446 Gaudet3
314 3383 345 3432 et
359 3370 451 3432 invito
465 3380 561 3451 grates
576 3368 635 3450 agit
649 3367 718 3429 inde
733 3366 857 3451 parenti.

197 3466 315 3531 Interea
329 3468 463 3530 volucres
477 3465 613 3550 Pyroe'is,
628 3463 724 3542 Eiius,
739 3478 770 3529 et
783 3463 909 3541 AEthon,
963 3487 965 3490 ·

157 3564 233 3629 Solis
247 3565 327 3649 equi,
344 3579 521 3650 quartusque
537 3561 686 3645 Phlegon,
700 3562 859 3626 hinnitibm
873 3583 957 3627 auras
