2634 4259
588 424 696 475 menn
714 425 749 474 ll.
1111 419 1154 479 25

179 578 307 663 Pignora
320 591 402 642 certa
416 576 503 660 petis.
547 575 599 638 Do
613 574 742 658 pignora
751 587 831 637 certa
845 574 994 637 timendo:
1113 575 1172 639 90

182 678 221 740 Et
234 677 328 762 patrio
343 689 428 759 pater
442 680 507 737 esso
521 687 604 736 metu
618 674 735 756 probor.
781 672 914 756 Adspice
930 673 1039 735 vultus·

152 814 154 819 ·
179 773 262 837 Ecce
276 796 377 837 meos:
400 764 689 855 utinamque'ocul'os
703 771 733 833 in
748 785 868 854 pectora
882 792 984 853 posses

178 869 323 948 inserere,
339 884 369 933 et
384 870 491 953 patrias
505 869 583 931 intus
598 856 782 951 deprendere
795 869 898 931 curas!

178 968 331 1052 Denique,
347 966 488 1051 quidquid
503 967 592 1029 habet
608 966 701 1043 dives,
716 966 920 1048 circumspice,
935 964 1080 1028 mundus:

179 1065 268 1150 Eque
283 1078 326 1128 tot
341 1086 375 1127 ac
391 1065 477 1127 tantis
491 1064 571 1141 coeli,
586 1076 740 1147 terreque,
755 1064 901 1146 marisque
1113 1063 1155 1125 95

178 1161 276 1227 Posce
291 1162 375 1225 bonis
390 1162 516 1246 aliquid:
540 1161 650 1225 nullam
666 1161 777 1245 patiere
793 1160 953 1244 repulsam.

178 1259 335 1343 Deprecor
349 1260 406 1322 hoc
421 1280 531 1337 unum;
553 1258 633 1343 quod
647 1280 719 1320 vero
732 1258 852 1321 nomine
867 1276 968 1341 poena,

179 1355 249 1419 Non
264 1359 358 1420 honor
372 1371 427 1420 est.
471 1355 609 1433 Poenam,
624 1349 795 1432 Phaethon,
811 1377 864 1438 pm
878 1374 1012 1430 munere,
1026 1353 1133 1438 poscis.

179 1453 265 1528 Quid
278 1477 346 1519 mea
359 1456 436 1519 colla
450 1470 534 1518 tenes
548 1454 674 1531 blandis,
690 1454 800 1536 ignare,
814 1451 951 1515 lacertis?

179 1550 229 1615 Ne
244 1553 355 1631 dubita,
371 1554 485 1615 dabitur
501 1552 636 1638 (Stygias
646 1550 810 1635 juravimus
824 1547 934 1634 undas)
1072 1566 1076 1569 ’
1096 1552 1156 1611 100

180 1648 391 1734 Quodcunque
406 1650 535 1735 optaris:
559 1650 611 1711 sed
626 1663 657 1711 tu
673 1648 833 1732 sapientiis
848 1647 941 1730 opta?

222 1746 354 1809 Finierat
368 1748 507 1809 monitus.
552 1745 649 1808 Dictis
665 1759 762 1807 tamen
778 1745 828 1807 ille
842 1762 1007 1827 repugnat:

178 1841 425 1927 Propositumque
440 1854 539 1905 tenet:
563 1842 725 1925 flagratque
739 1842 878 1924 cupidine
892 1841 1005 1903 cumis.

178 1938 271 2023 Ergo,
287 1938 346 2024 qud
359 1940 442 2002 licuit
456 1939 571 2021 genitor
584 1951 749 2014 cunctatus,
764 1939 802 1999 ad
817 1939 890 1999 altos

178 2034 310 2100 Deducit
320 2037 476 2121 juvenem,
493 2034 640 2097 Vulcania
654 2056 787 2111 munera,
802 2056 914 2111 currus.
1093 2038 1154 2100 105

176 2133 295 2197 Aureus
310 2134 374 2197 axis
390 2147 462 2209 erat,
477 2146 559 2196 temo
574 2153 690 2209 aureus,
705 2153 794 2195 aurea
808 2154 929 2195 summae

177 2229 345 2293 Curvatura
359 2244 447 2307 rotae,
469 2230 617 2293 radiorum
632 2224 788 2312 argenteus
803 2230 886 2294 ordo.

176 2326 238 2389 Per
247 2326 319 2413 juga
333 2328 516 2411 chrysolithi,
531 2328 691 2411 positaeque
706 2350 746 2391 ex
761 2328 863 2391 ordine
878 2350 1014 2411 gemma,

176 2423 267 2486 Clara
280 2445 454 2508 repercusso
468 2424 630 2486 reddebant
645 2425 756 2487 lumina
769 2425 899 2487 Phoebo.

176 2519 319 2605 Dumque
335 2542 371 2583 ea
385 2521 587 2603 magnanimus
603 2521 762 2584 Phaethon
777 2522 1063 2607 miratum-opusque
1092 2528 1153 2588 110

174 2616 340 2701 Perspicit:
365 2640 436 2681 ecce
452 2619 521 2701 vigil
536 2619 623 2681 rutilo
638 2617 778 2702 patefecit
793 2620 830 2681 ab
845 2634 910 2683 ortu

174 2712 345 2796 Purpureas
360 2714 476 2777 Aurora
490 2714 576 2793 sores,
592 2730 622 2779 et
637 2717 726 2800 plena
740 2718 872 2779 rosarum

175 2810 272 2873 Atria.
317 2811 485 2895 Diffugiunt
499 2813 609 2891 stelle:
634 2835 756 2897 quarum
773 2816 890 2897 agmina
903 2816 982 2899 cogit

174 2906 307 2986 Lucifer,
322 2922 353 2971 et
366 2910 436 2972 coeli
451 2910 575 2972 statione
591 2904 766 2973 novissimus
782 2913 855 2975 exit.

217 3006 261 3068 At
276 3020 407 3090 paterna
421 3020 522 3084 terras,
537 3001 741 3091 mundumque
756 3009 911 3073 rebesoere
927 3011 1008 3089 vidit,
1092 3015 1151 3077 115

174 3101 356 3186 Cornuaque
372 3116 512 3165 extremae
527 3103 609 3166 velut
623 3125 802 3167 evanescere
817 3108 912 3183 lunae;

173 3198 305 3283 Jungere
320 3222 412 3285 equos
427 3201 519 3265 Titan
535 3201 685 3267 velocibus
699 3203 826 3287 imperat
841 3204 941 3269 Horis.

173 3295 262 3360 Jussa
276 3298 338 3361 deae
351 3300 464 3362 celeres
480 3314 641 3385 peragunt:
665 3302 822 3386 ignemque
838 3319 1001 3381 vomentes,

174 3393 336 3457 Ambrosie
350 3418 439 3459 succo
454 3410 577 3475 saturos,
592 3400 772 3483 praesepibus
786 3401 852 3477 altis

174 3489 393 3574 Quadrupedes
408 3494 537 3571 ducunt;
560 3495 730 3581 adduntque
745 3499 878 3561 sonantia
893 3497 989 3562 lraena.
1090 3502 1152 3564 120

217 3587 299 3657 Tum
314 3604 397 3673 pater
410 3614 461 3654 ora
476 3593 520 3655 sui
535 3614 618 3657 sacro
633 3596 830 3659 medicamine
845 3597 905 3659 nati

438 3692 458 3753 3
