2634 4259
611 369 720 423 mura
734 374 767 423 V.
799 390 806 403 ·
1132 370 1174 433 6¹1

198 514 276 582 Nam
290 518 389 583 brevis
404 517 433 581 in
449 520 560 602 gelidas
575 522 714 583 membris
729 522 855 583 exilibus
868 522 962 585 undas
1112 528 1175 589 270

197 614 349 689 Transitus
365 631 421 680 est.
467 616 538 679 Post
556 619 618 679 heo
633 631 818 702 tergumque,
830 618 1016 704 humerique,
1027 620 1173 705 latusque,
1213 656 1218 664 ⁴

197 712 383 796 Pectoraque
398 714 428 775 in
445 727 549 775 tenues
564 714 675 777 abeunt
689 715 814 776 evanida
828 716 916 778 rivos.

196 808 336 895 Denique
351 832 406 894 pro
420 811 489 879 vivo
504 811 617 873 vitiatas
632 812 773 893 sanguine
789 834 880 875 venas
950 866 957 879 .

195 905 338 991 Lympha
352 908 446 969 subit:
469 920 620 991 restatque.
632 908 715 985 nibil,
731 908 809 992 quod
824 908 968 992 prendere
983 911 1086 995 possis.

237 1002 355 1066 Interea
369 1004 483 1087 pavidae
498 1006 697 1088 nequicquam
710 1006 769 1068 filia
783 1006 869 1072 matri
1108 1009 1182 1073 275·

195 1098 341 1162 Omnibus
357 1114 402 1163 est
416 1101 515 1188 terris,
526 1102 606 1163 omni
621 1102 741 1185 quesita
756 1102 914 1185 profundo.

195 1194 279 1258 Illam
295 1219 355 1259 non
369 1198 461 1260 mtilis
476 1199 598 1260 veniens
614 1199 731 1263 Aurora
744 1201 857 1284 capillis

193 1292 372 1356 cessantem
388 1294 469 1371 vidit,
484 1318 541 1357 non
558 1292 731 1379 Hesperus:
754 1297 803 1359 illa
817 1297 930 1360 duabus
991 1356 998 1368 ,

194 1388 386 1453 Flammiferti
401 1392 488 1474 pinus
505 1393 639 1454 manibus
653 1395 806 1456 succendit
820 1394 858 1455 ab
872 1394 985 1472 AEtnit3

193 1485 312 1571 Perque
328 1489 478 1571 pruinosas
494 1490 558 1575 tulit
573 1490 729 1573 irrequieta
742 1491 888 1553 tenebras.
1107 1493 1171 1559 28⁰

193 1582 319 1662 Rursus,
335 1598 367 1647 ut
382 1586 459 1647 alma
473 1585 536 1648 dies
551 1587 706 1649 hebetarat
720 1588 827 1664 sidera,
842 1602 943 1650 natam

192 1680 269 1743 Solis
284 1682 320 1743 ad
337 1704 486 1759 occasum,
500 1684 568 1746 solis
584 1685 733 1767 quaerebat
746 1686 784 1749 ab
798 1699 875 1748 ortu.

192 1776 286 1841 Fessa
299 1780 399 1841 labore
413 1781 491 1843 sitim
505 1782 683 1865 collegerat3
705 1804 815 1866 oraque
830 1782 902 1845 nulli

191 1873 366 1939 colluerant
380 1876 492 1939 fontes:
515 1878 584 1940 crim
599 1891 709 1940 tectam
724 1879 862 1941 stramine
878 1880 950 1941 vidit

192 1970 283 2035 Forte
298 1995 396 2037 casam
407 1996 415 2051 ;
439 1996 603 2058 paruasque
619 1974 696 2039 sores
710 1975 854 2058 pulsavit:
878 1975 991 2037 atinde
1029 2032 1036 2043 ,
1105 1977 1168 2040 285

190 2067 294 2133 Prodit
308 2093 399 2148 anus;
422 2072 580 2155 divamque
597 2073 677 2135 videt
687 2095 696 2149 3
718 2073 934 2158 lymphamque
948 2072 1071 2157 roganti,

191 2165 290 2231 Dulce
306 2169 397 2246 dedit,
412 2169 489 2234 tostd
504 2170 583 2255 quod
597 2185 720 2239 coxerat
735 2171 803 2233 ante
819 2164 967 2256 polentir.¹

190 2263 274 2327 Dum
288 2267 361 2329 bibit
376 2266 424 2329 illa
439 2268 551 2345 datum,
567 2269 630 2331 duri
646 2290 721 2353 puer
734 2270 794 2331 oris
807 2283 838 2331 et
852 2269 951 2332 audax

190 2361 330 2426 Constitit
345 2378 412 2426 ante
428 2365 534 2427 deam:
557 2366 688 2448 risitque,
703 2366 880 2449 avidamque
896 2366 1023 2428 vocavit.

189 2459 313 2524 Offensa
328 2476 389 2523 est:
414 2482 511 2545 neque
526 2462 623 2523 adhuc
639 2463 729 2545 epoti
744 2476 826 2544 parte
841 2463 1012 2547 loquentem
1103 2464 1167 2527 290

189 2557 270 2620 Cum
284 2558 396 2642 liquido
410 2558 498 2621 misti
512 2556 639 2641 perfudit
654 2560 724 2621 diva
739 2558 871 2643 polentia.
971 2610 976 2617 .

188 2653 340 2717 Combibit
355 2677 388 2717 os
402 2657 550 2732 maculas3
572 2670 613 2733 et,
630 2657 690 2739 quai
703 2657 793 2719 modb
807 2658 927 2720 brachia
942 2658 1042 2739 gessit,

188 2750 284 2832 Cnrra
299 2752 389 2834 gerit:
411 2752 507 2815 cauda
521 2767 566 2815 est
580 2754 813 2817 mutatisaddita
826 2755 982 2817 membris:

188 2846 281 2933 lnque
296 2850 418 2915 brevem
433 2850 567 2926 formam,
582 2872 620 2912 ne
635 2852 673 2913 sit
687 2853 731 2915 vis
745 2873 858 2933 magna.
867 2852 1005 2929 nocendi,

187 2946 396 3010 Contrahitur:
420 2948 571 3031 parvaque
585 2948 682 3009 minor
696 2968 832 3008 mensura
846 2948 957 3011 lacertis
972 2962 1028 3011 est.
1101 2949 1164 3012 295

187 3044 357 3122 Mirantem,
373 3046 565 3126 flentemque,
581 3056 611 3104 et
626 3056 747 3123 tangere
761 3057 890 3105 monstra
905 3058 1058 3127 parantem

187 3140 277 3225 Fugit
292 3164 401 3219 anum3
425 3140 626 3224 latebramque
641 3131 732 3223 petit:
756 3154 918 3225 aptumque
932 3142 1023 3205 colori

187 3238 305 3302 Nomen
321 3239 420 3318 habet,
435 3240 522 3302 variis
536 3239 669 3300 stellatus
682 3260 806 3322 corpora
821 3240 922 3320 guttis.

230 3335 315 3409 Quas
331 3338 386 3400 dea
402 3360 455 3421 per
469 3344 571 3413 terras,
586 3350 616 3399 et
633 3357 705 3419 quas
720 3337 859 3398 erraverit
872 3335 977 3413 undas,

187 3434 296 3497 Dicere
312 3436 397 3517 longa
412 3457 494 3497 mora
509 3448 564 3497 est.
600 3433 764 3506 ‘Quaerenti
779 3432 872 3496 defuit
882 3433 971 3497 orbis.
1099 3436 1164 3498 300

187 3530 332 3593 Sicaniam
347 3533 465 3615 repetit.
509 3531 652 3615 Dumque
668 3530 766 3592 omnia
778 3531 882 3594 lustrat
896 3532 995 3595 eundo
1003 3555 1012 3612 3
