2634 4259
575 400 682 453 LIBER
696 402 742 453 VI.

173 547 333 613 Mirantem
348 550 497 634 potuisse;
519 552 751 635 irascentemque
767 552 846 635 quod
862 554 923 614 ausi

174 645 241 709 Hoc
256 663 355 711 essent
369 648 477 735 superi,
493 649 571 732 qubd
585 662 698 711 tantum
709 649 782 732 juris
797 650 948 712 haberent.
1049 698 1054 705 .

173 745 252 807 Nam
267 760 351 828 pater
365 746 530 828 Amphion,
539 746 614 807 ferro
628 768 683 828 per
696 760 799 828 pectus
815 747 928 822 adacto,

173 841 304 905 Finierat
318 845 445 905 moriens
460 844 566 929 pariter
579 866 649 905 cum
663 844 730 905 luce
745 844 886 904 dolorem.

216 938 287 1000 Heu
303 942 444 1022 quantiun
458 941 521 1002 haec
535 939 631 1001 Niobe
647 938 745 1001 Niobe
760 940 885 1001 distabat
899 941 936 1001 ab
949 940 1009 1016 ilbi,

175 1033 252 1107 Quae
267 1037 356 1098 modb
371 1036 474 1099 Latois
490 1037 632 1118 populum
647 1036 834 1097 submoverat
848 1026 914 1111 aris,

174 1128 216 1193 Et
230 1133 357 1195 mediam
371 1134 478 1196 tulerat
493 1154 606 1213 gressus
622 1133 757 1214 resupina
772 1154 825 1215 per
838 1134 951 1209 urbem,

174 1226 321 1290 Inuidiosa
335 1230 412 1305 suis3
434 1244 463 1290 at
477 1250 556 1291 nunc
571 1230 735 1291 miseranda
750 1230 796 1290 vel
812 1230 905 1292 hosti!

94 1400 96 1404 ι
174 1322 356 1407 Corporibus
370 1313 472 1407 gelidis
488 1326 628 1387 incumbit
638 1347 647 1401 3
658 1339 702 1387 et
715 1326 815 1387 ordine
830 1327 912 1388 uallo

173 1411 286 1483 Oscula
300 1422 447 1504 dispensat
461 1436 545 1483 natos
559 1443 696 1504 suprema
711 1442 764 1503 per
777 1443 890 1485 omnes.

174 1517 204 1579 A
220 1518 325 1601 quibus
340 1518 375 1579 ad
390 1519 500 1581 doelum
514 1518 634 1580 liventia
647 1518 767 1579 brachia
780 1519 915 1598 tendens,
1006 1532 1014 1543 ·

174 1614 331 1691 ‘Poscere
346 1616 482 1692 crudelis
496 1604 605 1691 nostru,
621 1613 747 1691 Latona,
762 1615 879 1691 dotore3

174 1710 322 1787 Pascere‚’
339 1710 395 1785 ait:
419 1714 564 1795 ‘satiaque
579 1734 647 1773 meo
661 1725 711 1773 tua
727 1726 846 1794 pectora
860 1713 958 1774 luctu:

177 1808 310 1891 [Corque
326 1807 419 1870 serum
433 1809 525 1885 satia‚’
542 1808 632 1869 dixit:
657 1815 729 1889 ‘per
743 1808 844 1869 funera
858 1810 986 1891 septem]

175 1904 306 1967 Efferor:
330 1907 464 1989 exsulta:
486 1905 648 1989 victrixque
664 1906 780 1966 inimica
794 1906 952 1987 triumpha.
1038 1959 1042 1962 .

174 2001 239 2065 Cur
253 2017 352 2065 autem
367 2003 494 2065 victrix?
516 2002 627 2063 misere
643 2001 715 2063 mihi
729 2002 813 2083 plura
826 1996 993 2082 supersunt,

175 2098 277 2171 Quam
291 2099 343 2162 tibi
358 2097 452 2162 felici:
475 2111 542 2183 post
557 2112 600 2162 tot
615 2120 732 2181 quoque
749 2097 851 2159 funera
867 2089 972 2163 vine0.'

217 2196 359 2259 Dixerat:
382 2197 508 2259 insonuit
522 2208 662 2258 contento
676 2188 783 2256 nervus
798 2194 834 2256 ab
849 2216 935 2257 arcu:

175 2291 248 2369 Qui,
257 2308 362 2375 praeter
376 2292 494 2354 Nioben
510 2314 608 2369 unam,
620 2292 778 2355 conterruit
793 2313 907 2368 onmes.

174 2388 229 2451 Illa
242 2390 320 2451 malo
334 2403 380 2450 est
393 2390 500 2450 audax.
546 2390 669 2450 Stabant
683 2409 751 2449 curn
767 2388 896 2449 vestibus
910 2387 978 2449 atris

171 2486 255 2546 Ante
270 2499 348 2547 toros
363 2484 480 2546 fratrum
497 2485 623 2545 demisso
638 2485 717 2545 crine
732 2504 855 2544 sorores.
1033 2484 1040 2490 ’

175 2580 204 2642 Ε
219 2583 322 2665 quibus
337 2603 405 2658 una,
420 2582 538 2643 trahens
554 2581 691 2643 haerentia
706 2580 902 2656 viscereteia,

174 2678 316 2761 Imposito
331 2678 418 2756 fratri,
433 2679 604 2741 moribunda
619 2679 762 2759 relanguit
776 2699 837 2739 ore.

174 2777 288 2852 Altera,
304 2777 388 2837 solari
403 2777 538 2839 miseram
553 2788 657 2838 'conata
673 2789 836 2857 parentem,

175 2872 327 2935 Conticuit
341 2872 447 2949 subito,
462 2874 668 2956 duplicataque
684 2872 805 2945 vulnere
819 2891 899 2931 ceco
913 2883 968 2930 est.

177 2968 310 3053 [Oraque
324 2993 383 3031 non
399 2971 512 3051 pressit,
527 2969 581 3029 nisi
598 2981 752 3049 postquam
767 2965 883 3046 spiritus
898 2965 985 3043 exit]

175 3064 249 3128 Hac
264 3066 368 3129 frustra
382 3066 495 3147 fugiens
509 3064 678 3138 collabitur3
701 3062 750 3124 illa
763 3061 854 3122 sorori
929 3092 931 3097 v

175 3161 358 3224 immoritur:
382 3163 453 3224 latet
468 3156 548 3237 haec3
571 3160 650 3221 illam
665 3158 810 3241 trepidare
825 3156 950 3220 videres.

175 3258 297 3341 Sexque
313 3259 385 3321 datis
399 3260 469 3335 leto,
484 3258 656 3340 diversaque
672 3257 794 3318 vulnera
809 3252 911 3337 passis

175 3354 288 3416 Ultima
303 3357 429 3417 restabat
441 3378 454 3437 :¹
472 3377 560 3437 quam
574 3368 637 3416 toto
650 3374 773 3437 corpore
787 3365 891 3423 mater,

175 3450 258 3511 Τοῑὲι
272 3465 353 3513 veste
369 3466 481 3532 tegens,
497 3452 625 3525 ‘Unam,
641 3450 851 3529 minimamque
866 3446 1017 3529 relinque3
1120 3507 1123 3512 ,
1219 3486 1228 3497 ·

176 3546 228 3609 De
243 3548 339 3610 multis
354 3548 504 3611 minimam
519 3540 629 3630 posco,’
645 3544 792 3619 clamavit,
808 3551 858 3605 ‘et
871 3544 982 3605 unam?
