2634 4259
518 450 520 458 J
590 388 698 446 amun
713 387 762 439 111.
813 402 819 408 ·
904 436 910 445 .

172 536 272 603 Cedit
289 538 479 622 Agenorides
495 532 633 621 paulitm:
656 534 810 623 spolioque
825 538 918 604 leonis
966 566 969 569 ·

173 636 316 700 Sustinet
329 637 464 701 incursus
477 659 485 713 ;
507 637 704 723 instantiaque
718 659 770 699 ora
784 636 911 700 retardat

172 732 318 817 Cuspide
334 734 489 818 pretenta.
534 732 620 797 Furit
634 734 695 811 ille,
710 749 741 797 et
755 734 851 797 inania
865 734 939 795 duro

173 828 318 894 Vulnera
332 833 382 895 dat
396 831 493 895 ferro:
517 830 681 919 dangitque
696 832 876 895 in-acumine
891 830 1006 921 dentes.

171 926 311 1013 Jamque
328 926 498 995 venenifero
512 930 629 1012 sanguis
644 947 764 993 manant
783 930 882 1014 palato
922 970 927 973 -
1039 923 1043 928 ’

172 1022 346 1109 Coepetat3
370 1040 401 1089 et
417 1026 522 1088 virides
536 1026 711 1110 adspergine
725 1026 853 1089 tinxerat
868 1026 989 1089 herbas:
1016 1028 1023 1040 '

172 1121 240 1185 Sed
256 1124 327 1186 leve
344 1124 449 1187 vulnus
465 1138 544 1187 erat:
568 1125 637 1213 quia
651 1146 684 1188 se
698 1124 864 1201 retrahebat
879 1124 916 1186 ab
931 1124 1011 1200 ictu;

172 1218 329 1306 Laesaque
344 1222 421 1285 colla
436 1222 524 1286 dabat
537 1237 615 1301 retro
624 1245 633 1301 3
655 1223 832 1307 plagamque
847 1221 950 1309 sedere
1012 1226 1019 1233 '
1091 1253 1093 1256 ·

174 1316 331 1381 Cedendc
346 1321 477 1397 arcebat,
490 1342 546 1383 nec
561 1321 676 1403 longiits
690 1321 732 1383 ire
747 1321 878 1386 sinebat:
935 1390 939 1393 ⁴

165 1413 290 1484 ¹Donec
305 1402 491 1499 Agenorides
506 1417 674 1503 conjectum
689 1418 720 1481 in
733 1432 852 1501 gutture
868 1417 977 1481 fenum

174 1510 287 1597 Usque
303 1534 430 1598 sequens
445 1515 560 1598 pressit,
575 1515 739 1584 dumretro
754 1519 880 1599 quercus
894 1515 974 1577 eunti

174 1610 322 1689 Obstitit;
344 1626 376 1674 et
389 1612 450 1678 fixa
460 1627 509 1676 est
522 1613 631 1697 pariter
643 1636 714 1679 cum
728 1614 831 1677 robore
846 1614 960 1676 eornm.

166 1706 318 1774 'Pondere
334 1711 479 1793 serpentis
492 1725 614 1773 curvata
628 1725 675 1773 est
689 1712 783 1788 arbor,
799 1725 834 1787 et
845 1711 910 1775 imae
1089 1776 1092 1780 ,
1113 1715 1162 1775 ’70

134 1874 137 1881 ‚
175 1804 270 1869 Parte
286 1806 426 1889 flagellari
442 1809 556 1889 gemuit
568 1830 622 1870 sua
635 1810 741 1871 mbota
753 1808 867 1872 caude.
937 1866 943 1871 .

222 1903 306 1966 Dum
321 1906 449 1989 spatium
465 1906 559 1971 victor
572 1906 643 1969 victi
658 1905 822 1991 considerat
837 1904 946 1982 hostis3

178 1998 252 2063 Vox
267 2002 365 2064 subiti)
381 2001 480 2066 audita
495 2015 558 2064 est:
584 2001 697 2088 (neque
712 2016 775 2064 erat
788 2023 968 2084 cognoscere
981 2015 1152 2087 promptum

176 2094 288 2177 Unde3
307 2098 362 2187 sed
379 2099 479 2161 audita
493 2098 553 2186 est)
572 2098 686 2177 fQuid,
702 2090 842 2182 Agenore
857 2112 937 2177 nate,
953 2115 1141 2185 peremptum
1198 2179 1200 2183 ι
1295 2180 1300 2185 ,

177 2191 357 2279 Serpentem
372 2199 511 2280 spectas?
533 2211 564 2259 et
579 2211 610 2260 tu
624 2199 799 2281 spectabere
814 2198 958 2283 serpens!
1074 2251 1076 2254 .
1117 2202 1160 2263 te

177 2290 233 2354 llle
248 2293 299 2356 diu
314 2294 450 2377 pavidus,
466 2296 575 2378 pariter
585 2318 657 2359 cum
673 2310 773 2368 mente
789 2297 919 2364 colorem

176 2388 369 2469 Perdiderat3
392 2393 549 2477 gelidoque
563 2416 662 2455 comae
671 2408 781 2455 termre
795 2394 941 2475 rigebant.

221 2487 304 2549 Ecce
321 2489 372 2550 viri
388 2488 507 2567 fautrix,
522 2511 643 2573 superas
659 2490 781 2573 delapsa
795 2511 849 2574 per
863 2512 958 2569 auras,

144 2662 147 2664 q
177 2583 277 2647 Pallas
293 2587 395 2649 adest:
418 2602 565 2671 motaque
576 2587 663 2673 jubet
677 2610 845 2671 supponere
861 2604 943 2652 terrae

178 2680 326 2767 Vipereos
341 2685 456 2761 dentes
473 2685 575 2768 populi
589 2686 771 2748 incrementa
785 2685 886 2755 futuri.
1116 2687 1159 2751 80

177 2778 285 2843 Paret:
309 2796 339 2844 et
354 2797 387 2845 ut
403 2790 504 2865 presso
519 2783 634 2847 sulcum
650 2783 791 2866 patefecit
805 2799 911 2861 aratro,

178 2876 296 2960 Spargit
311 2880 392 2942 humi
402 2880 511 2965 jussos
527 2882 659 2945 mortalia
674 2883 797 2959 semina,
813 2882 929 2945 dentes.

178 2972 251 3036 lnde
269 2974 342 3062 (fide
357 2976 466 3063 majus)
484 2978 576 3059 glebae
591 2979 856 3061 coeptiremoveri:

177 3071 337 3156 Primaque
354 3074 392 3135 de
406 3074 495 3137 sulcis
510 3076 588 3137 acies
603 3076 740 3158 apparuit
754 3076 855 3138 haste.

176 3167 325 3251 Tegmina
339 3192 410 3233 mox
425 3172 556 3255 capitum
571 3173 652 3255 picto
666 3174 800 3237 nutantia
812 3194 918 3243 conor
944 3175 949 3183 “
1115 3176 1158 3239 85
1266 3203 1270 3209 ·

177 3263 255 3327 Mox
270 3268 386 3331 humeri
401 3284 576 3353 pectusqqe,
592 3285 771 3355 onerataque
785 3270 907 3333 brachia
920 3271 986 3334 telis

177 3360 350 3427 Exsistunt:
373 3368 538 3449 crescitque
553 3389 639 3449 seges
654 3370 795 3451 clypeata
810 3370 947 3432 virorum.

177 3460 238 3538 Sic,
254 3463 303 3526 ubi
319 3466 459 3527 tolluntur
473 3464 553 3531 lestis
569 3467 660 3529 aulea
675 3467 806 3543 theatris,

432 3566 453 3625 4
467 3604 488 3635 ,x
