<?xml version="1.0" encoding="UTF-8"?>
<!DOCTYPE html PUBLIC "-//W3C//DTD XHTML 1.0 Transitional//EN"
    "http://www.w3.org/TR/xhtml1/DTD/xhtml1-transitional.dtd">
<html xmlns="http://www.w3.org/1999/xhtml" xml:lang="en" lang="en">
 <head>
  <title>
</title>
<meta http-equiv="Content-Type" content="text/html;charset=utf-8" />
  <meta name='ocr-system' content='tesseract 3.04.00' />
  <meta name='ocr-capabilities' content='ocr_page ocr_carea ocr_par ocr_line ocrx_word'/>
</head>
<body>
  <div class='ocr_page' id='page_1' title='image "./excerptaexscrip01goulgoog_0120.png"; bbox 0 0 2634 4259; ppageno 0'>
   <div class='ocr_carea' id='block_1_1' title="bbox 199 408 856 470">
    <p class='ocr_par' dir='ltr' id='par_1_1' title="bbox 199 408 856 470">
     <span class='ocr_line' id='line_1_1' title="bbox 199 408 856 470; baseline -0.008 0"><span class='ocrx_word' id='word_1_1' title='bbox 199 408 261 470; x_wconf 85' lang='grc'><strong>106</strong></span> <span class='ocrx_word' id='word_1_2' title='bbox 508 413 856 466; x_wconf 76' lang='lat' dir='ltr'><strong>unrnnonrnosnort</strong></span> 
     </span>
    </p>
   </div>
   <div class='ocr_carea' id='block_1_2' title="bbox 190 560 1162 3635">
    <p class='ocr_par' dir='ltr' id='par_1_2' title="bbox 197 560 962 648">
     <span class='ocr_line' id='line_1_2' title="bbox 197 560 962 648; baseline 0 -23"><span class='ocrx_word' id='word_1_3' title='bbox 197 560 324 626; x_wconf 82' lang='lat' dir='ltr'>Pectore</span> <span class='ocrx_word' id='word_1_4' title='bbox 339 563 368 625; x_wconf 90' lang='lat' dir='ltr'><strong>in</strong></span> <span class='ocrx_word' id='word_1_5' title='bbox 383 584 464 625; x_wconf 90' lang='lat' dir='ltr'><strong>arma</strong></span> <span class='ocrx_word' id='word_1_6' title='bbox 478 561 542 642; x_wconf 88' lang='lat' dir='ltr'><strong>seri,</strong></span> <span class='ocrx_word' id='word_1_7' title='bbox 556 577 757 648; x_wconf 77' lang='lat' dir='ltr'><strong>pretentaque</strong></span> <span class='ocrx_word' id='word_1_8' title='bbox 770 564 831 626; x_wconf 88' lang='lat' dir='ltr'><strong>tela</strong></span> <span class='ocrx_word' id='word_1_9' title='bbox 843 564 962 640; x_wconf 74' lang='lat' dir='ltr'><strong>leonas3</strong></span> 
     </span>
    </p>

    <p class='ocr_par' dir='ltr' id='par_1_3' title="bbox 198 658 863 738">
     <span class='ocr_line' id='line_1_3' title="bbox 198 658 863 738; baseline 0.002 -16"><span class='ocrx_word' id='word_1_10' title='bbox 198 658 249 722; x_wconf 90' lang='lat' dir='ltr'><strong>Sic</strong></span> <span class='ocrx_word' id='word_1_11' title='bbox 262 659 312 724; x_wconf 92' lang='lat' dir='ltr'><strong>ubi</strong></span> <span class='ocrx_word' id='word_1_12' title='bbox 325 682 358 723; x_wconf 87' lang='lat' dir='ltr'><strong>se</strong></span> <span class='ocrx_word' id='word_1_13' title='bbox 374 661 469 723; x_wconf 86' lang='lat' dir='ltr'><strong>ventis</strong></span> <span class='ocrx_word' id='word_1_14' title='bbox 485 661 640 723; x_wconf 85' lang='lat' dir='ltr'><strong>admiserat</strong></span> <span class='ocrx_word' id='word_1_15' title='bbox 654 661 734 723; x_wconf 90' lang='lat' dir='ltr'><strong>unda</strong></span> <span class='ocrx_word' id='word_1_16' title='bbox 746 661 863 738; x_wconf 90' lang='lat' dir='ltr'><strong>coortis,</strong></span> 
     </span>
    </p>

    <p class='ocr_par' dir='ltr' id='par_1_4' title="bbox 197 754 932 842">
     <span class='ocr_line' id='line_1_4' title="bbox 197 754 932 842; baseline 0 -24"><span class='ocrx_word' id='word_1_17' title='bbox 197 754 264 819; x_wconf 91' lang='lat' dir='ltr'><strong>Ibat</strong></span> <span class='ocrx_word' id='word_1_18' title='bbox 278 756 307 819; x_wconf 93' lang='lat' dir='ltr'><strong>in</strong></span> <span class='ocrx_word' id='word_1_19' title='bbox 322 778 403 819; x_wconf 92' lang='lat' dir='ltr'><strong>arma</strong></span> <span class='ocrx_word' id='word_1_20' title='bbox 416 758 503 835; x_wconf 90' lang='lat' dir='ltr'><strong>ratis;</strong></span> <span class='ocrx_word' id='word_1_21' title='bbox 524 756 678 842; x_wconf 85' lang='lat' dir='ltr'><strong>multbque</strong></span> <span class='ocrx_word' id='word_1_22' title='bbox 692 774 755 819; x_wconf 88' lang='lat' dir='ltr'><strong>erat</strong></span> <span class='ocrx_word' id='word_1_23' title='bbox 768 758 852 820; x_wconf 91' lang='lat' dir='ltr'><strong>altior</strong></span> <span class='ocrx_word' id='word_1_24' title='bbox 865 757 932 819; x_wconf 87' lang='lat' dir='ltr'><strong>illis.</strong></span> 
     </span>
    </p>

    <p class='ocr_par' dir='ltr' id='par_1_5' title="bbox 197 850 975 937">
     <span class='ocr_line' id='line_1_5' title="bbox 197 850 975 937; baseline 0.001 -23"><span class='ocrx_word' id='word_1_25' title='bbox 197 850 325 937; x_wconf 80' lang='lat' dir='ltr'><strong>Jamque</strong></span> <span class='ocrx_word' id='word_1_26' title='bbox 339 854 439 916; x_wconf 89' lang='lat' dir='ltr'><strong>labant</strong></span> <span class='ocrx_word' id='word_1_27' title='bbox 451 854 549 931; x_wconf 90' lang='lat' dir='ltr'><strong>cunei,</strong></span> <span class='ocrx_word' id='word_1_28' title='bbox 562 854 744 937; x_wconf 88' lang='lat' dir='ltr'><strong>spoliataque</strong></span> <span class='ocrx_word' id='word_1_29' title='bbox 758 854 887 937; x_wconf 87' lang='lat' dir='ltr'><strong>tegmine</strong></span> <span class='ocrx_word' id='word_1_30' title='bbox 900 874 975 917; x_wconf 75' lang='lat' dir='ltr'><strong>cere</strong></span> 
     </span>
    </p>

    <p class='ocr_par' dir='ltr' id='par_1_6' title="bbox 197 942 947 1034">
     <span class='ocr_line' id='line_1_6' title="bbox 197 942 947 1034; baseline 0 -23"><span class='ocrx_word' id='word_1_31' title='bbox 197 942 289 1011; x_wconf 85' lang='lat' dir='ltr'>Rima</span> <span class='ocrx_word' id='word_1_32' title='bbox 303 962 402 1033; x_wconf 83' lang='lat' dir='ltr'><strong>patet3</strong></span> <span class='ocrx_word' id='word_1_33' title='bbox 424 951 596 1034; x_wconf 77' lang='lat' dir='ltr'><strong>praebetque</strong></span> <span class='ocrx_word' id='word_1_34' title='bbox 611 950 690 1012; x_wconf 88' lang='lat' dir='ltr'><strong>viam</strong></span> <span class='ocrx_word' id='word_1_35' title='bbox 703 949 837 1011; x_wconf 87' lang='lat' dir='ltr'><strong>letalibus</strong></span> <span class='ocrx_word' id='word_1_36' title='bbox 851 950 947 1012; x_wconf 90' lang='lat' dir='ltr'><strong>undis.</strong></span> 
     </span>
    </p>

    <p class='ocr_par' dir='ltr' id='par_1_7' title="bbox 198 1042 912 1128">
     <span class='ocr_line' id='line_1_7' title="bbox 198 1042 912 1128; baseline -0.003 -19"><span class='ocrx_word' id='word_1_37' title='bbox 198 1042 281 1109; x_wconf 68' lang='lat' dir='ltr'><strong>Eme</strong></span> <span class='ocrx_word' id='word_1_38' title='bbox 295 1046 404 1109; x_wconf 90' lang='lat' dir='ltr'><strong>cadunt</strong></span> <span class='ocrx_word' id='word_1_39' title='bbox 416 1046 489 1128; x_wconf 87' lang='lat' dir='ltr'><strong>largi</strong></span> <span class='ocrx_word' id='word_1_40' title='bbox 502 1047 635 1110; x_wconf 79' lang='lat' dir='ltr'>resolutis</span> <span class='ocrx_word' id='word_1_41' title='bbox 649 1046 776 1109; x_wconf 85' lang='lat' dir='ltr'><strong>nubibus</strong></span> <span class='ocrx_word' id='word_1_42' title='bbox 789 1046 912 1109; x_wconf 74' lang='lat' dir='ltr'><strong>imbres:</strong></span> 
     </span>
    </p>

    <p class='ocr_par' dir='ltr' id='par_1_8' title="bbox 197 1139 970 1226">
     <span class='ocr_line' id='line_1_8' title="bbox 197 1139 970 1226; baseline 0 -23"><span class='ocrx_word' id='word_1_43' title='bbox 197 1139 292 1226; x_wconf 84' lang='lat' dir='ltr'>Inque</span> <span class='ocrx_word' id='word_1_44' title='bbox 306 1141 412 1207; x_wconf 84' lang='lat' dir='ltr'><strong>t&#39;retum</strong></span> <span class='ocrx_word' id='word_1_45' title='bbox 425 1142 528 1206; x_wconf 82' lang='lat' dir='ltr'><strong>eredas</strong></span> <span class='ocrx_word' id='word_1_46' title='bbox 542 1156 637 1206; x_wconf 89' lang='lat' dir='ltr'><strong>totum</strong></span> <span class='ocrx_word' id='word_1_47' title='bbox 651 1143 830 1207; x_wconf 90' lang='lat' dir='ltr'><strong>descendere</strong></span> <span class='ocrx_word' id='word_1_48' title='bbox 842 1142 970 1207; x_wconf 83' lang='lat' dir='ltr'><strong>coelum:</strong></span> 
     </span>
    </p>

    <p class='ocr_par' dir='ltr' id='par_1_9' title="bbox 196 1235 1038 1811">
     <span class='ocr_line' id='line_1_9' title="bbox 198 1235 1038 1323; baseline 0 -24"><span class='ocrx_word' id='word_1_49' title='bbox 198 1235 293 1321; x_wconf 86' lang='lat' dir='ltr'><strong>Inque</strong></span> <span class='ocrx_word' id='word_1_50' title='bbox 307 1240 409 1323; x_wconf 87' lang='lat' dir='ltr'><strong>plagas</strong></span> <span class='ocrx_word' id='word_1_51' title='bbox 422 1240 492 1303; x_wconf 87' lang='lat' dir='ltr'><strong>coeli</strong></span> <span class='ocrx_word' id='word_1_52' title='bbox 505 1238 698 1303; x_wconf 81' lang='lat' dir='ltr'><strong>tumefactum</strong></span> <span class='ocrx_word' id='word_1_53' title='bbox 711 1238 890 1302; x_wconf 81' lang='lat' dir='ltr'><strong>adscendere</strong></span> <span class='ocrx_word' id='word_1_54' title='bbox 904 1251 1038 1321; x_wconf 90' lang='lat' dir='ltr'><strong>pontum.</strong></span> 
     </span>
     <span class='ocr_line' id='line_1_10' title="bbox 198 1319 962 1413; baseline 0 -17"><span class='ocrx_word' id='word_1_55' title='bbox 198 1332 276 1398; x_wconf 88' lang='lat' dir='ltr'><strong>Vela</strong></span> <span class='ocrx_word' id='word_1_56' title='bbox 290 1335 410 1399; x_wconf 89' lang='lat' dir='ltr'><strong>madent</strong></span> <span class='ocrx_word' id='word_1_57' title='bbox 423 1335 546 1413; x_wconf 79' lang='lat' dir='ltr'><strong>nimbis3</strong></span> <span class='ocrx_word' id='word_1_58' title='bbox 568 1349 598 1399; x_wconf 88' lang='lat' dir='ltr'><strong>et</strong></span> <span class='ocrx_word' id='word_1_59' title='bbox 611 1319 681 1398; x_wconf 83' lang='lat' dir='ltr'><strong>dum</strong></span> <span class='ocrx_word' id='word_1_60' title='bbox 694 1336 863 1399; x_wconf 86' lang='lat' dir='ltr'><strong>coelestibus</strong></span> <span class='ocrx_word' id='word_1_61' title='bbox 877 1333 962 1396; x_wconf 89' lang='lat' dir='ltr'><strong>undis</strong></span> 
     </span>
     <span class='ocr_line' id='line_1_11' title="bbox 197 1430 1021 1517; baseline -0.004 -22"><span class='ocrx_word' id='word_1_62' title='bbox 197 1430 354 1517; x_wconf 82' lang='lat' dir='ltr'><strong>AEquoreae</strong></span> <span class='ocrx_word' id='word_1_63' title='bbox 369 1433 528 1507; x_wconf 78' lang='lat' dir='ltr'><strong>miscenbrr</strong></span> <span class='ocrx_word' id='word_1_64' title='bbox 541 1454 634 1516; x_wconf 79' lang='lat' dir='ltr'><strong>aque.</strong></span> <span class='ocrx_word' id='word_1_65' title='bbox 679 1430 772 1495; x_wconf 88' lang='lat' dir='ltr'><strong>Caret</strong></span> <span class='ocrx_word' id='word_1_66' title='bbox 786 1431 899 1514; x_wconf 84' lang='lat' dir='ltr'><strong>ignibus</strong></span> <span class='ocrx_word' id='word_1_67' title='bbox 913 1431 1021 1507; x_wconf 80' lang='lat' dir='ltr'><strong>retber3</strong></span> 
     </span>
     <span class='ocr_line' id='line_1_12' title="bbox 197 1526 1036 1613; baseline -0.004 -22"><span class='ocrx_word' id='word_1_68' title='bbox 197 1526 346 1613; x_wconf 82' lang='lat' dir='ltr'><strong>Caecaque</strong></span> <span class='ocrx_word' id='word_1_69' title='bbox 360 1550 421 1592; x_wconf 84' lang='lat' dir='ltr'><strong>nox</strong></span> <span class='ocrx_word' id='word_1_70' title='bbox 435 1530 576 1612; x_wconf 86' lang='lat' dir='ltr'><strong>premitur</strong></span> <span class='ocrx_word' id='word_1_71' title='bbox 589 1528 716 1592; x_wconf 90' lang='lat' dir='ltr'><strong>tenebris</strong></span> <span class='ocrx_word' id='word_1_72' title='bbox 730 1528 893 1611; x_wconf 86' lang='lat' dir='ltr'><strong>hiemisque</strong></span> <span class='ocrx_word' id='word_1_73' title='bbox 907 1528 1036 1610; x_wconf 90' lang='lat' dir='ltr'><strong>suisque.</strong></span> 
     </span>
     <span class='ocr_line' id='line_1_13' title="bbox 197 1622 1027 1709; baseline -0.001 -22"><span class='ocrx_word' id='word_1_74' title='bbox 197 1622 368 1687; x_wconf 80' lang='lat' dir='ltr'><strong>Discutiunt</strong></span> <span class='ocrx_word' id='word_1_75' title='bbox 380 1638 480 1688; x_wconf 91' lang='lat' dir='ltr'><strong>tamen</strong></span> <span class='ocrx_word' id='word_1_76' title='bbox 494 1625 558 1702; x_wconf 90' lang='lat' dir='ltr'><strong>bas,</strong></span> <span class='ocrx_word' id='word_1_77' title='bbox 572 1625 762 1709; x_wconf 78' lang='lat' dir='ltr'><strong>prebentque</strong></span> <span class='ocrx_word' id='word_1_78' title='bbox 775 1624 913 1687; x_wconf 80' lang='lat' dir='ltr'><strong>micantia</strong></span> <span class='ocrx_word' id='word_1_79' title='bbox 926 1624 1027 1686; x_wconf 88' lang='lat' dir='ltr'><strong>lumen</strong></span> 
     </span>
     <span class='ocr_line' id='line_1_14' title="bbox 196 1718 925 1811; baseline -0.001 -28"><span class='ocrx_word' id='word_1_80' title='bbox 196 1718 352 1785; x_wconf 84' lang='lat' dir='ltr'><strong>Fulmina:</strong></span> <span class='ocrx_word' id='word_1_81' title='bbox 374 1720 518 1783; x_wconf 84' lang='lat' dir='ltr'><strong>fulmineis</strong></span> <span class='ocrx_word' id='word_1_82' title='bbox 533 1721 688 1783; x_wconf 90' lang='lat' dir='ltr'><strong>ardescunt</strong></span> <span class='ocrx_word' id='word_1_83' title='bbox 702 1719 815 1811; x_wconf 79' lang='lat' dir='ltr'><strong>ignibus</strong></span> <span class='ocrx_word' id='word_1_84' title='bbox 828 1719 925 1783; x_wconf 79' lang='lat' dir='ltr'><strong>undae.</strong></span> 
     </span>
    </p>

    <p class='ocr_par' dir='ltr' id='par_1_10' title="bbox 195 1815 991 1997">
     <span class='ocr_line' id='line_1_15' title="bbox 196 1815 955 1902; baseline -0.001 -22"><span class='ocrx_word' id='word_1_85' title='bbox 196 1815 260 1880; x_wconf 89' lang='lat' dir='ltr'><strong>Dat</strong></span> <span class='ocrx_word' id='word_1_86' title='bbox 274 1838 390 1901; x_wconf 90' lang='lat' dir='ltr'><strong>quoque</strong></span> <span class='ocrx_word' id='word_1_87' title='bbox 401 1815 464 1902; x_wconf 89' lang='lat' dir='ltr'><strong>jam</strong></span> <span class='ocrx_word' id='word_1_88' title='bbox 478 1816 567 1879; x_wconf 91' lang='lat' dir='ltr'><strong>saltus</strong></span> <span class='ocrx_word' id='word_1_89' title='bbox 581 1816 655 1880; x_wconf 90' lang='lat' dir='ltr'><strong>intra</strong></span> <span class='ocrx_word' id='word_1_90' title='bbox 668 1838 742 1879; x_wconf 86' lang='lat' dir='ltr'><strong>cava</strong></span> <span class='ocrx_word' id='word_1_91' title='bbox 756 1829 839 1879; x_wconf 83' lang='lat' dir='ltr'><strong>texta</strong></span> <span class='ocrx_word' id='word_1_92' title='bbox 851 1816 955 1879; x_wconf 79' lang='lat' dir='ltr'><strong>carine</strong></span> 
     </span>
     <span class='ocr_line' id='line_1_16' title="bbox 195 1910 991 1997; baseline 0 -22"><span class='ocrx_word' id='word_1_93' title='bbox 195 1910 338 1976; x_wconf 69' lang='lat' dir='ltr'><strong>fluctus:</strong></span> <span class='ocrx_word' id='word_1_94' title='bbox 361 1927 402 1991; x_wconf 89' lang='lat' dir='ltr'><strong>et,</strong></span> <span class='ocrx_word' id='word_1_95' title='bbox 416 1926 449 1976; x_wconf 90' lang='lat' dir='ltr'><strong>ut</strong></span> <span class='ocrx_word' id='word_1_96' title='bbox 462 1913 557 1991; x_wconf 74' lang='lat' dir='ltr'><strong>mileS,</strong></span> <span class='ocrx_word' id='word_1_97' title='bbox 572 1934 695 1976; x_wconf 86' lang='lat' dir='ltr'><strong>numero</strong></span> <span class='ocrx_word' id='word_1_98' title='bbox 709 1912 888 1997; x_wconf 76' lang='lat' dir='ltr'><strong>prestantior</strong></span> <span class='ocrx_word' id='word_1_99' title='bbox 901 1910 991 1990; x_wconf 87' lang='lat' dir='ltr'><strong>omni,</strong></span> 
     </span>
    </p>

    <p class='ocr_par' dir='ltr' id='par_1_11' title="bbox 196 2008 908 2093">
     <span class='ocr_line' id='line_1_17' title="bbox 196 2008 908 2093; baseline -0.003 -20"><span class='ocrx_word' id='word_1_100' title='bbox 196 2008 277 2073; x_wconf 86' lang='lat' dir='ltr'><strong>Cirm</strong></span> <span class='ocrx_word' id='word_1_101' title='bbox 292 2030 370 2093; x_wconf 78' lang='lat' dir='ltr'><strong>sepe</strong></span> <span class='ocrx_word' id='word_1_102' title='bbox 386 2010 502 2073; x_wconf 86' lang='lat' dir='ltr'><strong>adsiluit</strong></span> <span class='ocrx_word' id='word_1_103' title='bbox 516 2009 643 2072; x_wconf 77' lang='lat' dir='ltr'><strong>deleme</strong></span> <span class='ocrx_word' id='word_1_104' title='bbox 658 2010 804 2075; x_wconf 88' lang='lat' dir='ltr'><strong>moenibus</strong></span> <span class='ocrx_word' id='word_1_105' title='bbox 817 2009 908 2086; x_wconf 82' lang='lat' dir='ltr'><strong>urbis,</strong></span> 
     </span>
    </p>

    <p class='ocr_par' dir='ltr' id='par_1_12' title="bbox 195 2104 978 2188">
     <span class='ocr_line' id='line_1_18' title="bbox 195 2104 978 2188; baseline 0.003 -21"><span class='ocrx_word' id='word_1_106' title='bbox 195 2104 258 2187; x_wconf 88' lang='lat' dir='ltr'><strong>Spe</strong></span> <span class='ocrx_word' id='word_1_107' title='bbox 274 2106 383 2188; x_wconf 92' lang='lat' dir='ltr'><strong>potitur</strong></span> <span class='ocrx_word' id='word_1_108' title='bbox 396 2105 533 2181; x_wconf 84' lang='lat' dir='ltr'><strong>tandem3</strong></span> <span class='ocrx_word' id='word_1_109' title='bbox 554 2105 707 2188; x_wconf 86' lang='lat' dir='ltr'><strong>laudisque</strong></span> <span class='ocrx_word' id='word_1_110' title='bbox 722 2126 863 2168; x_wconf 89' lang='lat' dir='ltr'><strong>accensus</strong></span> <span class='ocrx_word' id='word_1_111' title='bbox 877 2126 978 2169; x_wconf 87' lang='lat' dir='ltr'><strong>amore</strong></span> 
     </span>
    </p>

    <p class='ocr_par' dir='ltr' id='par_1_13' title="bbox 194 2197 962 2283">
     <span class='ocr_line' id='line_1_19' title="bbox 194 2197 962 2283; baseline 0.003 -22"><span class='ocrx_word' id='word_1_112' title='bbox 194 2197 275 2261; x_wconf 89' lang='lat' dir='ltr'><strong>Inter</strong></span> <span class='ocrx_word' id='word_1_113' title='bbox 288 2200 368 2262; x_wconf 90' lang='lat' dir='ltr'><strong>mille</strong></span> <span class='ocrx_word' id='word_1_114' title='bbox 384 2201 471 2276; x_wconf 78' lang='lat' dir='ltr'><strong>virus,</strong></span> <span class='ocrx_word' id='word_1_115' title='bbox 485 2220 601 2261; x_wconf 93' lang='lat' dir='ltr'><strong>murum</strong></span> <span class='ocrx_word' id='word_1_116' title='bbox 615 2213 715 2262; x_wconf 89' lang='lat' dir='ltr'><strong>tamen</strong></span> <span class='ocrx_word' id='word_1_117' title='bbox 728 2214 855 2283; x_wconf 88' lang='lat' dir='ltr'><strong>occupat</strong></span> <span class='ocrx_word' id='word_1_118' title='bbox 869 2222 962 2263; x_wconf 85' lang='lat' dir='ltr'><strong>unus:</strong></span> 
     </span>
    </p>

    <p class='ocr_par' dir='ltr' id='par_1_14' title="bbox 194 2294 921 2379">
     <span class='ocr_line' id='line_1_20' title="bbox 194 2294 921 2379; baseline 0 -20"><span class='ocrx_word' id='word_1_119' title='bbox 194 2296 245 2359; x_wconf 89' lang='lat' dir='ltr'><strong>Sic</strong></span> <span class='ocrx_word' id='word_1_120' title='bbox 258 2297 309 2358; x_wconf 88' lang='lat' dir='ltr'><strong>ubi</strong></span> <span class='ocrx_word' id='word_1_121' title='bbox 324 2294 476 2379; x_wconf 66' lang='lat' dir='ltr'><strong>pulsarunt</strong></span> <span class='ocrx_word' id='word_1_122' title='bbox 489 2316 571 2357; x_wconf 88' lang='lat' dir='ltr'><strong>aeres</strong></span> <span class='ocrx_word' id='word_1_123' title='bbox 583 2295 676 2357; x_wconf 92' lang='lat' dir='ltr'><strong>latera</strong></span> <span class='ocrx_word' id='word_1_124' title='bbox 689 2296 780 2359; x_wconf 88' lang='lat' dir='ltr'><strong>ardua</strong></span> <span class='ocrx_word' id='word_1_125' title='bbox 792 2296 900 2361; x_wconf 85' lang='lat' dir='ltr'><strong>fluctus</strong></span> <span class='ocrx_word' id='word_1_126' title='bbox 912 2318 921 2374; x_wconf 89' lang='lat'>;</span> 
     </span>
    </p>

    <p class='ocr_par' dir='ltr' id='par_1_15' title="bbox 195 2390 943 2475">
     <span class='ocr_line' id='line_1_21' title="bbox 195 2390 943 2475; baseline 0.005 -24"><span class='ocrx_word' id='word_1_127' title='bbox 195 2390 315 2456; x_wconf 81' lang='lat' dir='ltr'><strong>Vastitis</strong></span> <span class='ocrx_word' id='word_1_128' title='bbox 330 2393 481 2475; x_wconf 83' lang='lat' dir='ltr'><strong>insurgens</strong></span> <span class='ocrx_word' id='word_1_129' title='bbox 494 2390 615 2454; x_wconf 81' lang='lat' dir='ltr'><strong>decimae</strong></span> <span class='ocrx_word' id='word_1_130' title='bbox 630 2392 688 2455; x_wconf 88' lang='lat' dir='ltr'><strong>ruit</strong></span> <span class='ocrx_word' id='word_1_131' title='bbox 701 2392 827 2475; x_wconf 93' lang='lat' dir='ltr'><strong>impetus</strong></span> <span class='ocrx_word' id='word_1_132' title='bbox 841 2392 943 2455; x_wconf 79' lang='lat' dir='ltr'><strong>unda:</strong></span> 
     </span>
    </p>

    <p class='ocr_par' dir='ltr' id='par_1_16' title="bbox 194 2487 935 2572">
     <span class='ocr_line' id='line_1_22' title="bbox 194 2487 935 2572; baseline -0.001 -20"><span class='ocrx_word' id='word_1_133' title='bbox 194 2487 261 2552; x_wconf 90' lang='lat' dir='ltr'><strong>Nec</strong></span> <span class='ocrx_word' id='word_1_134' title='bbox 276 2490 354 2572; x_wconf 78' lang='lat' dir='ltr'><strong>priris</strong></span> <span class='ocrx_word' id='word_1_135' title='bbox 368 2489 478 2551; x_wconf 89' lang='lat' dir='ltr'><strong>absistit</strong></span> <span class='ocrx_word' id='word_1_136' title='bbox 491 2487 597 2551; x_wconf 84' lang='lat' dir='ltr'><strong>fessam</strong></span> <span class='ocrx_word' id='word_1_137' title='bbox 612 2509 782 2572; x_wconf 84' lang='lat' dir='ltr'><strong>oppugnare</strong></span> <span class='ocrx_word' id='word_1_138' title='bbox 795 2490 935 2566; x_wconf 86' lang='lat' dir='ltr'><strong>carinam,</strong></span> 
     </span>
    </p>

    <p class='ocr_par' dir='ltr' id='par_1_17' title="bbox 194 2581 947 2667">
     <span class='ocr_line' id='line_1_23' title="bbox 194 2581 947 2667; baseline 0.004 -22"><span class='ocrx_word' id='word_1_139' title='bbox 194 2581 296 2657; x_wconf 74' lang='lat' dir='ltr'><strong>Quam</strong></span> <span class='ocrx_word' id='word_1_140' title='bbox 313 2584 393 2647; x_wconf 85' lang='lat' dir='ltr'><strong>velut</strong></span> <span class='ocrx_word' id='word_1_141' title='bbox 407 2584 435 2645; x_wconf 91' lang='lat' dir='ltr'><strong>in</strong></span> <span class='ocrx_word' id='word_1_142' title='bbox 450 2597 543 2667; x_wconf 78' lang='lat' dir='ltr'><strong>capte</strong></span> <span class='ocrx_word' id='word_1_143' title='bbox 558 2583 718 2646; x_wconf 84' lang='lat' dir='ltr'><strong>descendat</strong></span> <span class='ocrx_word' id='word_1_144' title='bbox 731 2586 840 2647; x_wconf 87' lang='lat' dir='ltr'><strong>ruoenia</strong></span> <span class='ocrx_word' id='word_1_145' title='bbox 855 2586 947 2648; x_wconf 84' lang='lat' dir='ltr'><strong>navis.</strong></span> 
     </span>
    </p>

    <p class='ocr_par' dir='ltr' id='par_1_18' title="bbox 192 2678 1162 3054">
     <span class='ocr_line' id='line_1_24' title="bbox 193 2678 1162 2763; baseline 0.004 -20"><span class='ocrx_word' id='word_1_146' title='bbox 193 2680 267 2743; x_wconf 90' lang='lat' dir='ltr'><strong>Pars</strong></span> <span class='ocrx_word' id='word_1_147' title='bbox 282 2680 367 2762; x_wconf 88' lang='lat' dir='ltr'><strong>igitur</strong></span> <span class='ocrx_word' id='word_1_148' title='bbox 381 2678 511 2741; x_wconf 90' lang='lat' dir='ltr'><strong>tentabat</strong></span> <span class='ocrx_word' id='word_1_149' title='bbox 526 2678 622 2742; x_wconf 88' lang='lat' dir='ltr'><strong>adhuc</strong></span> <span class='ocrx_word' id='word_1_150' title='bbox 637 2680 775 2741; x_wconf 89' lang='lat' dir='ltr'><strong>invadere</strong></span> <span class='ocrx_word' id='word_1_151' title='bbox 789 2681 910 2763; x_wconf 90' lang='lat' dir='ltr'><strong>pinum;</strong></span> <span class='ocrx_word' id='word_1_152' title='bbox 1100 2686 1162 2748; x_wconf 80' lang='lat' dir='ltr'><strong>lto</strong></span> 
     </span>
     <span class='ocr_line' id='line_1_25' title="bbox 192 2764 1103 2859; baseline 0.003 -20"><span class='ocrx_word' id='word_1_153' title='bbox 192 2775 267 2839; x_wconf 89' lang='lat' dir='ltr'><strong>Pars</strong></span> <span class='ocrx_word' id='word_1_154' title='bbox 282 2776 368 2838; x_wconf 91' lang='lat' dir='ltr'><strong>maris</strong></span> <span class='ocrx_word' id='word_1_155' title='bbox 381 2775 458 2837; x_wconf 90' lang='lat' dir='ltr'><strong>intus</strong></span> <span class='ocrx_word' id='word_1_156' title='bbox 472 2764 544 2837; x_wconf 85' lang='lat' dir='ltr'><strong>erat.</strong></span> <span class='ocrx_word' id='word_1_157' title='bbox 587 2773 752 2858; x_wconf 87' lang='lat' dir='ltr'><strong>Trepidant</strong></span> <span class='ocrx_word' id='word_1_158' title='bbox 767 2776 845 2838; x_wconf 86' lang='lat' dir='ltr'><strong>baud</strong></span> <span class='ocrx_word' id='word_1_159' title='bbox 859 2778 977 2859; x_wconf 81' lang='lat' dir='ltr'><strong>segnibs</strong></span> <span class='ocrx_word' id='word_1_160' title='bbox 990 2800 1103 2856; x_wconf 81' lang='lat' dir='ltr'><strong>omnes,</strong></span> 
     </span>
     <span class='ocr_line' id='line_1_26' title="bbox 193 2870 985 2954; baseline 0.006 -20"><span class='ocrx_word' id='word_1_161' title='bbox 193 2870 296 2946; x_wconf 79' lang='lat' dir='ltr'><strong>Quam</strong></span> <span class='ocrx_word' id='word_1_162' title='bbox 311 2872 385 2934; x_wconf 89' lang='lat' dir='ltr'><strong>solet</strong></span> <span class='ocrx_word' id='word_1_163' title='bbox 398 2871 478 2949; x_wconf 89' lang='lat' dir='ltr'><strong>urbs,</strong></span> <span class='ocrx_word' id='word_1_164' title='bbox 493 2871 555 2933; x_wconf 89' lang='lat' dir='ltr'><strong>aliis</strong></span> <span class='ocrx_word' id='word_1_165' title='bbox 569 2892 685 2935; x_wconf 90' lang='lat' dir='ltr'><strong>murum</strong></span> <span class='ocrx_word' id='word_1_166' title='bbox 700 2870 876 2936; x_wconf 86' lang='lat' dir='ltr'><strong>fodientibus</strong></span> <span class='ocrx_word' id='word_1_167' title='bbox 890 2876 985 2954; x_wconf 78' lang='lat' dir='ltr'><strong>extri,</strong></span> 
     </span>
     <span class='ocr_line' id='line_1_27' title="bbox 193 2968 965 3054; baseline 0.001 -22"><span class='ocrx_word' id='word_1_168' title='bbox 193 2969 294 3054; x_wconf 92' lang='lat' dir='ltr'><strong>Atque</strong></span> <span class='ocrx_word' id='word_1_169' title='bbox 309 2970 371 3033; x_wconf 90' lang='lat' dir='ltr'><strong>aliis</strong></span> <span class='ocrx_word' id='word_1_170' title='bbox 385 2990 511 3045; x_wconf 89' lang='lat' dir='ltr'><strong>murum,</strong></span> <span class='ocrx_word' id='word_1_171' title='bbox 526 2968 682 3052; x_wconf 88' lang='lat' dir='ltr'><strong>trepidare,</strong></span> <span class='ocrx_word' id='word_1_172' title='bbox 697 2970 863 3033; x_wconf 89' lang='lat' dir='ltr'><strong>tenentibus</strong></span> <span class='ocrx_word' id='word_1_173' title='bbox 877 2971 965 3034; x_wconf 90' lang='lat' dir='ltr'><strong>intus.</strong></span> 
     </span>
    </p>

    <p class='ocr_par' dir='ltr' id='par_1_19' title="bbox 190 3064 1160 3635">
     <span class='ocr_line' id='line_1_28' title="bbox 193 3064 1054 3151; baseline 0.003 -24"><span class='ocrx_word' id='word_1_174' title='bbox 193 3065 303 3128; x_wconf 86' lang='lat' dir='ltr'><strong>Deficit</strong></span> <span class='ocrx_word' id='word_1_175' title='bbox 318 3086 380 3127; x_wconf 91' lang='lat' dir='ltr'><strong>ars:</strong></span> <span class='ocrx_word' id='word_1_176' title='bbox 402 3064 549 3149; x_wconf 86' lang='lat' dir='ltr'><strong>animique</strong></span> <span class='ocrx_word' id='word_1_177' title='bbox 563 3065 689 3128; x_wconf 87' lang='lat' dir='ltr'><strong>cadunt:</strong></span> <span class='ocrx_word' id='word_1_178' title='bbox 713 3066 895 3151; x_wconf 88' lang='lat' dir='ltr'><strong>totidemque</strong></span> <span class='ocrx_word' id='word_1_179' title='bbox 909 3067 1054 3145; x_wconf 87' lang='lat' dir='ltr'><strong>videntur,</strong></span> 
     </span>
     <span class='ocr_line' id='line_1_29' title="bbox 193 3159 1160 3248; baseline 0.006 -25"><span class='ocrx_word' id='word_1_180' title='bbox 193 3159 279 3235; x_wconf 87' lang='lat' dir='ltr'><strong>Quot</strong></span> <span class='ocrx_word' id='word_1_181' title='bbox 293 3163 410 3225; x_wconf 89' lang='lat' dir='ltr'><strong>veniant</strong></span> <span class='ocrx_word' id='word_1_182' title='bbox 425 3161 542 3237; x_wconf 83' lang='lat' dir='ltr'><strong>fluctus,</strong></span> <span class='ocrx_word' id='word_1_183' title='bbox 557 3182 641 3224; x_wconf 88' lang='lat' dir='ltr'><strong>ruere</strong></span> <span class='ocrx_word' id='word_1_184' title='bbox 657 3176 746 3246; x_wconf 89' lang='lat' dir='ltr'><strong>atque</strong></span> <span class='ocrx_word' id='word_1_185' title='bbox 759 3163 919 3248; x_wconf 89' lang='lat' dir='ltr'><strong>irrumpere</strong></span> <span class='ocrx_word' id='word_1_186' title='bbox 934 3178 1063 3227; x_wconf 77' lang='lat' dir='ltr'><strong>mortes·</strong></span> <span class='ocrx_word' id='word_1_187' title='bbox 1099 3168 1160 3229; x_wconf 80' lang='lat'><strong>175</strong></span> 
     </span>
     <span class='ocr_line' id='line_1_30' title="bbox 192 3257 1096 3341; baseline 0.003 -20"><span class='ocrx_word' id='word_1_188' title='bbox 192 3257 262 3321; x_wconf 93' lang='lat' dir='ltr'><strong>Non</strong></span> <span class='ocrx_word' id='word_1_189' title='bbox 276 3271 358 3321; x_wconf 90' lang='lat' dir='ltr'><strong>tenet</strong></span> <span class='ocrx_word' id='word_1_190' title='bbox 371 3258 419 3319; x_wconf 91' lang='lat' dir='ltr'><strong>hic</strong></span> <span class='ocrx_word' id='word_1_191' title='bbox 434 3258 595 3339; x_wconf 89' lang='lat' dir='ltr'><strong>lacrymas:</strong></span> <span class='ocrx_word' id='word_1_192' title='bbox 619 3272 717 3341; x_wconf 92' lang='lat' dir='ltr'><strong>stupet</strong></span> <span class='ocrx_word' id='word_1_193' title='bbox 732 3259 797 3322; x_wconf 88' lang='lat' dir='ltr'><strong>bic:</strong></span> <span class='ocrx_word' id='word_1_194' title='bbox 821 3273 907 3323; x_wconf 85' lang='lat' dir='ltr'><strong>vocat</strong></span> <span class='ocrx_word' id='word_1_195' title='bbox 921 3260 969 3324; x_wconf 89' lang='lat' dir='ltr'><strong>ille</strong></span> <span class='ocrx_word' id='word_1_196' title='bbox 983 3260 1096 3339; x_wconf 83' lang='lat' dir='ltr'><strong>beatos,</strong></span> 
     </span>
     <span class='ocr_line' id='line_1_31' title="bbox 192 3354 988 3439; baseline 0.001 -21"><span class='ocrx_word' id='word_1_197' title='bbox 192 3354 312 3418; x_wconf 80' lang='lat' dir='ltr'><strong>Funera</strong></span> <span class='ocrx_word' id='word_1_198' title='bbox 326 3376 399 3439; x_wconf 90' lang='lat' dir='ltr'><strong>quos</strong></span> <span class='ocrx_word' id='word_1_199' title='bbox 414 3367 570 3416; x_wconf 86' lang='lat' dir='ltr'><strong>maneant:</strong></span> <span class='ocrx_word' id='word_1_200' title='bbox 593 3354 641 3416; x_wconf 92' lang='lat' dir='ltr'><strong>hic</strong></span> <span class='ocrx_word' id='word_1_201' title='bbox 657 3355 731 3417; x_wconf 86' lang='lat' dir='ltr'><strong>votis</strong></span> <span class='ocrx_word' id='word_1_202' title='bbox 746 3378 854 3419; x_wconf 89' lang='lat' dir='ltr'><strong>numen</strong></span> <span class='ocrx_word' id='word_1_203' title='bbox 870 3357 988 3419; x_wconf 84' lang='lat' dir='ltr'><strong>adorat:</strong></span> 
     </span>
     <span class='ocr_line' id='line_1_32' title="bbox 190 3450 1050 3542; baseline 0.005 -29"><span class='ocrx_word' id='word_1_204' title='bbox 190 3450 378 3534; x_wconf 88' lang='lat' dir='ltr'><strong>Brachiaque</strong></span> <span class='ocrx_word' id='word_1_205' title='bbox 393 3450 430 3542; x_wconf 79' lang='lat' dir='ltr'><strong>ad</strong></span> <span class='ocrx_word' id='word_1_206' title='bbox 443 3450 564 3527; x_wconf 77' lang='lat' dir='ltr'><strong>coelum,</strong></span> <span class='ocrx_word' id='word_1_207' title='bbox 580 3451 658 3534; x_wconf 92' lang='lat' dir='ltr'><strong>quod</strong></span> <span class='ocrx_word' id='word_1_208' title='bbox 674 3472 733 3513; x_wconf 91' lang='lat' dir='ltr'><strong>non</strong></span> <span class='ocrx_word' id='word_1_209' title='bbox 749 3453 839 3531; x_wconf 88' lang='lat' dir='ltr'><strong>videt,</strong></span> <span class='ocrx_word' id='word_1_210' title='bbox 854 3454 931 3517; x_wconf 90' lang='lat' dir='ltr'><strong>irrita</strong></span> <span class='ocrx_word' id='word_1_211' title='bbox 945 3454 1050 3518; x_wconf 88' lang='lat' dir='ltr'><strong>tollens</strong></span> 
     </span>
     <span class='ocr_line' id='line_1_33' title="bbox 190 3546 987 3635; baseline 0.004 -24"><span class='ocrx_word' id='word_1_212' title='bbox 190 3546 293 3612; x_wconf 89' lang='lat' dir='ltr'><strong>Poscit</strong></span> <span class='ocrx_word' id='word_1_213' title='bbox 306 3568 411 3632; x_wconf 88' lang='lat' dir='ltr'><strong>opem:</strong></span> <span class='ocrx_word' id='word_1_214' title='bbox 435 3547 563 3609; x_wconf 85' lang='lat' dir='ltr'><strong>subeunt</strong></span> <span class='ocrx_word' id='word_1_215' title='bbox 577 3548 617 3611; x_wconf 92' lang='lat' dir='ltr'><strong>illi</strong></span> <span class='ocrx_word' id='word_1_216' title='bbox 631 3546 790 3634; x_wconf 73' lang='lat' dir='ltr'><strong>fratresque</strong></span> <span class='ocrx_word' id='word_1_217' title='bbox 805 3571 987 3635; x_wconf 79' lang='lat' dir='ltr'><strong>parensque3</strong></span> 
     </span>
    </p>
   </div>
   <div class='ocr_carea' id='block_1_3' title="bbox 0 0 1322 4259">
    <p class='ocr_par' dir='ltr' id='par_1_20' title="bbox 0 0 1322 4259">
     <span class='ocr_line' id='line_1_34' title="bbox 0 0 1322 4259; baseline 0 2"><span class='ocrx_word' id='word_1_218' title='bbox 0 0 1322 4259; x_wconf 95' lang='lat' dir='ltr'><strong> </strong></span> 
     </span>
    </p>
   </div>
  </div>
 </body>
</html>
