2634 4259
628 384 737 457 L‘rnsn
752 408 784 456 x.

221 551 378 632 Orantem,
394 552 557 638 fnrstrique
571 554 677 617 iterum
691 556 811 617 transire
825 554 987 630 volentem,

223 648 352 711 Portitor
365 662 507 713 arcuerat.
552 650 676 733 Septem
690 665 789 713 tamen
804 651 852 712 ille
867 651 971 712 diebus

223 742 381 827 Squalidus
395 747 424 807 in
439 746 513 829 ripi,
528 744 646 808 Cereris
661 746 723 808 sine
738 768 870 823 munere,
885 747 972 808 sedit.

223 838 316 917 Cura,
331 841 472 924 dolorque
487 843 586 919 anirnl,
600 843 796 925 lacrymaeque
811 844 949 921 alimenta
963 841 1056 904 fuere.
1151 844 1193 904 'ts

224 932 300 996 Esse
314 935 387 997 deos
401 935 492 997 Erebi
505 936 640 998 crudeles
655 950 785 1020 questus,
800 937 830 999 in
844 937 932 997 altam

224 1030 266 1093 Se
279 1032 382 1115 recipit
396 1031 579 1116 Rhodopen,
593 1032 775 1115 pulsumque
784 1031 983 1115 Aquilonibus
995 1030 1132 1095 Haemon.
1237 1093 1243 1102 ,

409 1367 617 1413 urserurnus
640 1340 827 1411 ru'rnoasu
848 1370 1008 1415 unsaros.

602 1546 605 1551 ·
647 1538 678 1591 ν.
697 1532 767 1592 162
874 1520 878 1527 “

265 1706 314 1769 Te
329 1728 457 1791 quoque,
471 1709 643 1793 Amyclide,
658 1711 802 1793 posuisset
818 1711 847 1773 in
862 1711 969 1774 ethere
984 1710 1130 1789 Phoebus,

223 1802 332 1866 Tristia
346 1805 370 1866 si
383 1806 509 1889 spatium
523 1807 651 1888 ponendi
666 1806 743 1869 Fata
757 1808 917 1870 dedissent.

179 1944 184 1951 -
224 1899 389 1978 Quartae,
405 1914 528 1964 aeterrms
543 1915 641 1964 tamen
657 1923 707 1964 es:
731 1903 903 1986 quotiesque
917 1903 1032 1986 repellit
1150 1904 1193 1965 80

225 1995 288 2058 Ver
301 1997 442 2074 hiemem,
457 1996 595 2081 Pisoique
609 1998 700 2060 Aries
711 1999 844 2060 suecedit
858 2020 969 2081 aquoso
977 2020 987 2075 3

223 2094 273 2157 Tu
288 2096 374 2165 toties
389 2097 489 2173 oreris,
504 2097 647 2180 viridique
661 2098 691 2159 in
704 2097 819 2180 cespite
834 2118 949 2159 vernas.

228 2242 233 2252 .
249 2206 251 2211 ’
264 2192 393 2277 Jamque
407 2192 469 2256 sere
483 2194 597 2257 medius
611 2193 703 2256 Titan
719 2195 906 2257 venientis-et
920 2209 992 2257 actae
1080 2275 1083 2278 ι

223 2288 327 2353 Noctis
342 2304 414 2368 erat,
426 2293 580 2374 spatioque
595 2292 658 2373 pari
673 2291 798 2353 distabat
811 2293 978 2375 utrimque:

223 2383 358 2468 Corpora
371 2400 453 2448 veste
467 2387 577 2462 levant,
593 2402 622 2447 et
637 2408 726 2451 succo
740 2388 855 2468 pinguis
866 2388 937 2449 olivi
1148 2387 1192 2451 85

223 2481 450 2564 splendescunt,
465 2474 574 2565 latique
589 2483 691 2545 ineunt
704 2485 865 2545 certamina
879 2483 960 2545 disci.
1048 2539 1052 2543 .
1086 2512 1091 2521 ·

222 2577 325 2650 Quem
340 2580 419 2663 prius
434 2579 526 2642 aerias
541 2579 680 2641 libratum
691 2579 825 2642 Phoebus
840 2580 968 2642 inauras

221 2674 315 2752 Misit,
331 2690 360 2737 et
374 2673 524 2759 oppositas
539 2675 651 2759 disjecit
666 2676 796 2758 pondere
811 2677 916 2739 nubes.
994 2757 996 2760 Ι

222 2770 343 2833 Recidit
357 2772 385 2833 in
401 2772 523 2835 solidam
536 2773 624 2854 longo
638 2772 705 2856 post
719 2788 853 2855 ternpore
866 2786 973 2835 terram

222 2868 363 2932 Pondus:
386 2884 416 2931 et
431 2870 564 2931 exhibuit
574 2869 709 2953 junctam
723 2892 793 2931 cum
809 2870 916 2931 viribus
932 2883 1035 2931 artem.
1147 2870 1190 2932 90

221 2966 359 3028 Protinus
374 2966 552 3048 imprudenS,
567 2979 709 3047 actusque
723 2966 861 3045 cupidine
875 2966 946 3041 ludi,

220 3062 341 3125 Tollere
356 3061 525 3125 Taenarides
539 3061 640 3123 orbem
655 3061 846 3143 properabat:
869 3074 899 3123 et
909 3062 993 3124 illum

220 3158 305 3223 Dura
320 3180 491 3243 repercusso
505 3156 628 3241 subjecit
643 3158 680 3220 eb
694 3161 762 3220 aire
781 3158 867 3220 tellus

220 3255 256 3318 In
268 3257 375 3332 vultus,
391 3254 573 3338 Hyacinthe,
589 3268 665 3317 tuos.
710 3253 866 3338 Expalluit
880 3255 976 3338 aqui,

221 3352 269 3415 Ac
284 3374 368 3436 puer,
383 3354 446 3435 ipse
461 3353 533 3414 deus
545 3374 552 3414 :
562 3352 779 3437 ·collapsosque
794 3352 905 3445 excipit
919 3365 997 3414 artus
1009 3373 1017 3414 τ
1147 3355 1189 3418 95

222 3448 263 3510 Et
276 3450 365 3513 modo
379 3463 408 3510 te
423 3448 551 3520 refovet:
574 3448 664 3511 modo
678 3449 769 3510 tristia
784 3449 905 3535 vulnerj
919 3448 1025 3510 sioeat:

221 3542 311 3607 Nunc
326 3545 452 3607 animam
466 3543 591 3608 admotis
606 3544 768 3627 fugientem
781 3545 905 3609 sustinet
918 3545 1026 3609 herbis.
