2634 4259
142 401 232 485 ‚164
558 400 752 501 erumpas.

165 557 265 623 Omne
279 553 356 619 latus
369 568 452 619 terra
465 555 557 637 cingit
570 575 664 617 mare.
707 552 819 617 Navita
831 572 995 637 nusquam:

209 654 301 718 Nulla
316 674 370 738 per
384 653 535 734 ambiguas
550 652 660 735 puppis
674 652 749 713 itura
762 650 835 712 vias.

167 750 265 833 Finge
280 752 341 813 dari
354 750 537 832 comitesque
553 748 636 824 mihi,
650 761 826 836 ventosque,
841 759 1015 831 ratemque3

211 846 296 921 Quid
310 848 437 930 sequar?
481 847 631 907 Accessus
645 857 723 907 tona
737 858 861 927 paterna
874 856 974 926 negat.

169 942 213 1007 Ut
227 959 289 1007 rate
304 940 381 1007 felici
396 955 569 1026 pacataper
583 962 699 1024 aequora
712 942 829 1018 labar3·
1101 938 1146 1000 65

210 1041 375 1124 Temperet
388 1052 422 1101 ut
436 1052 540 1101 ventos
555 1038 679 1115 AEolus;
700 1038 787 1107 exsul
801 1058 863 1099 ero.
984 1105 989 1109 ,

170 1136 240 1201 Non
255 1158 311 1219 ego
325 1151 366 1213 te,
380 1135 489 1212 Crete,
500 1150 621 1197 centum
636 1135 749 1216 digesta
764 1156 817 1217 per
830 1134 929 1210 urbes,

214 1234 399 1317 Adspiciam,
414 1253 507 1315 puero
521 1231 638 1313 cognitu
651 1245 729 1294 terra
742 1231 823 1293 Jovi.
945 1254 950 1263 ¹
998 1244 1002 1247 ’

172 1330 251 1395 Nam
266 1344 360 1413 pater,
375 1329 505 1392 et‘tellus
515 1327 596 1413 justo
609 1341 731 1409 regnata
744 1327 869 1411 parenti,

214 1426 335 1490 Prodita
349 1440 418 1488 sunt
433 1425 521 1501 sacto,
535 1425 654 1487 nomina
666 1444 745 1512 cara,
759 1445 848 1493 meo..

172 1521 254 1587 cum
270 1522 331 1598 tibi,
346 1543 384 1583 ne
400 1522 492 1583 victor
504 1534 584 1583 teoto
598 1542 745 1583 morerere
759 1542 893 1597 recurvo,

114 1640 118 1647 ·
171 1674 173 1678 .
216 1618 295 1693 Qua
310 1632 444 1701 regerent
458 1638 560 1701 passus
574 1638 628 1703 pro
642 1618 720 1680 duoe
733 1618 782 1680 fila
796 1618 888 1679 dedi.=

174 1714 257 1779 Ciun
270 1715 342 1777 mihi
356 1714 485 1791 dicebas,
500 1713 581 1775 ‘Per
594 1734 651 1795 ego
665 1714 729 1797 ipsa
742 1713 873 1797 pericula
883 1712 962 1798 juro,

216 1810 266 1875 Te
282 1811 358 1888 sore,'
370 1811 441 1873 dum
456 1812 588 1873 nostrum
602 1812 683 1873 vivet
697 1825 831 1895 uterque,
846 1810 967 1873 meam?
1310 1863 1311 1866 ,

175 1906 329 1979 Vivimus:
352 1921 384 1973 et
397 1929 457 1970 uon
471 1928 548 1984 sum,
562 1906 698 1984 Theseu,
712 1921 780 1970 tua:
802 1907 931 1971 simodo
946 1905 1029 1983 vivis,
1105 1906 1151 1967 75
1310 1889 1311 1908 ¹

74 2078 77 2083 Δ
217 2003 369 2083 Fcemina,
383 2004 492 2089 perjuri
506 2004 607 2067 fraude
622 2006 739 2089 sepulto
754 2005 817 2067 viri.
1308 1921 1312 2106 i

87 2089 90 2094 ⁴
174 2100 229 2167 Me
243 2123 372 2186 quoque,
387 2102 448 2185 qud
461 2101 590 2180 fiatrem,
604 2103 775 2178 mandares,
789 2091 933 2185 improbe,
946 2099 1043 2165 olavai.
1134 2096 1137 2102 ’

217 2198 324 2275 Esset‚'
332 2219 421 2281 quam
435 2198 574 2287 dedara&
584 2212 678 2259 morte
692 2199 786 2261 soluta
801 2199 885 2261 fides.
1309 2265 1310 2268 ,

175 2294 265 2359 Nunc
279 2316 337 2377 ego
351 2316 411 2356 uon
425 2295 550 2372 tautum,
565 2316 630 2378 quae
645 2316 711 2357 sum
725 2316 856 2378 passura,
869 2295 1028 2372 recordor;
1309 2283 1310 2332 i

174 2464 181 2479 ·
219 2390 281 2455 Sed
293 2412 478 2476 quacunque
493 2405 592 2475 potest
604 2391 666 2455 ulla
679 2389 782 2455 relicta
795 2392 867 2474 pati.
1109 2390 1154 2453 ΘΟ

177 2487 349 2552 Occurrunt
361 2489 460 2551 animo
474 2485 618 2571 pereundi
632 2490 712 2551 mille
726 2490 842 2571 figura:

220 2584 362 2668 Morsque
377 2586 474 2648 minus
487 2606 595 2668 poenae,
610 2587 699 2670 quam
714 2607 797 2648 mora
810 2586 923 2663 mortis,
938 2586 1038 2650 habet.

144 2730 149 2745 .
176 2681 247 2745 dam
258 2680 322 2766 jam
335 2694 473 2743 venturos
488 2696 539 2744 aut
553 2682 622 2759 haio,
634 2695 689 2744 aut
701 2681 834 2765 suspicor
848 2683 927 2761 illac,

161 2818 166 2827 »
222 2777 286 2852 Qui
299 2778 411 2839 lanient
425 2776 511 2840 avido
526 2778 639 2841 viscera
652 2776 754 2856 dente,
768 2779 865 2862 lupos.

178 2873 315 2939 Forsitan
329 2888 361 2937 et
375 2873 469 2937 fulvos
485 2874 572 2938 tellus
586 2876 645 2937 alat
660 2876 715 2938 ista
727 2877 840 2939 leones.
959 2917 964 2932 ι
1110 2875 1154 2939 85

222 2970 301 3045 Quis
316 2971 381 3049 soit,
395 2992 433 3033 an
448 2972 511 3034 haeo
525 2990 616 3035 saevas
631 2973 750 3055 tigridas
765 2973 859 3038 insula
871 2972 982 3036 habet?

179 3066 222 3132 Et
237 3067 309 3130 freta
324 3068 460 3130 dicuntur
473 3090 594 3151 magnas
608 3071 760 3153 expellere
775 3071 897 3154 phocas.

223 3162 308 3237 Quid
323 3178 403 3227 vetat
417 3178 448 3227 et
463 3165 575 3246 gladios
588 3186 642 3249 per
655 3168 732 3229 latus
746 3168 788 3229 ire
803 3168 925 3229 meum?
1308 3159 1310 3162 ⁵

179 3259 312 3324 Tantum
327 3282 365 3323 ne
379 3261 485 3347 religer
500 3261 574 3323 durd
587 3264 705 3345 captiva
719 3264 826 3327 catena
834 3285 843 3341 ;
1301 3177 1310 3430 A

224 3357 311 3421 Neve
326 3359 439 3421 traham
453 3358 539 3421 serva
553 3360 673 3443 grandia
687 3380 779 3444 pensa
790 3382 897 3426 manu:
1114 3365 1156 3425 90

181 3453 241 3519 Cui
256 3468 340 3537 pater
354 3469 399 3517 est
413 3454 525 3533 Minoa,
540 3458 588 3519 oui
601 3470 697 3520 mater
709 3458 767 3520 filia
781 3458 908 3522 Phoebi:

224 3550 376 3635 Quodque
389 3550 482 3635 magis
495 3554 626 3632 memini,
642 3574 706 3639 qua
720 3556 773 3617 tibi
787 3569 874 3639 pacta
887 3554 939 3619 sui.
