2634 4259
575 408 683 464 LIBER
707 408 765 464 XV«

182 558 224 626 Et
237 562 324 647 lepus
340 558 505 645 impavidus
519 562 624 625 mediis
640 562 746 625 erravit
761 562 791 624 in
806 561 901 643 agn'sg

181 660 248 724 Nec
263 682 317 723 sua
331 660 487 722 credulitas
501 660 613 743 piscem
629 659 822 742 suspenderat
836 659 942 720 hamo:

181 754 301 820 Cuncta
316 756 379 819 sine
394 756 513 832 insidiis,
528 755 698 838 nullamque
713 755 845 817 timentia
859 751 1004 831 fraudem,

181 853 336 936 Plenaque
352 852 432 935 pacis
448 864 540 942 erant.
585 850 750 934 Postquam
763 872 822 913 non
837 850 914 914 utilis
929 864 1031 913 auctor

183 948 319 1012 Victibus
333 949 447 1025 invidit,
465 947 611 1033 (quisquis
625 947 680 1010 fuit
694 948 744 1009 ille
756 945 899 1031 virorum)
1114 946 1158 1009 45

182 1044 412 1131 Corporeasque
425 1046 517 1129 dapes
532 1045 649 1108 avidam
664 1045 805 1107 demersit
818 1045 848 1107 in
864 1046 963 1107 alvum
971 1065 982 1120 3

181 1142 269 1206 Fecit
285 1144 340 1205 iter
353 1142 475 1205 sceleri:
497 1142 651 1226 primique
667 1164 685 1203 e
699 1142 780 1206 caede
795 1139 921 1204 ferarum

181 1236 342 1303 incaluisse
358 1255 463 1323 putem
475 1240 654 1302 maculatum
669 1240 811 1321 sanguiue
827 1240 946 1301 ferrum.

182 1336 276 1422 quue
291 1338 360 1400 satis
376 1336 486 1399 fuerat:
506 1330 701 1425 ¹nostrumque
715 1337 847 1420 petentia
861 1338 954 1399 letum

181 1434 317 1517 Corpora
331 1434 419 1497 missa
432 1435 509 1511 neci,
521 1434 608 1495 salvi
621 1434 742 1517 pietate,
757 1431 899 1495 fatemur:
1115 1433 1158 1498 50

181 1531 243 1594 Sed
259 1536 348 1614 quam
363 1531 462 1593 danda
474 1532 552 1615 neci,
566 1543 628 1592 tam
641 1552 701 1592 nou
715 1529 864 1613 epulanda
878 1528 1005 1592 firerunt.

182 1627 313 1709 Longius
328 1628 395 1689 inde
410 1626 492 1689 nesas
507 1626 594 1689 abiit:
617 1640 648 1695 et
664 1627 758 1710 prima
771 1641 891 1711 putatur

181 1721 287 1787 Hostia
302 1742 351 1785 sus
366 1725 506 1786 meruisse
521 1725 605 1801 mori,
622 1725 690 1807 quia
703 1725 816 1786 semina
830 1724 928 1808 pando

181 1821 300 1884 Eruerit
315 1834 418 1897 rostro,
433 1842 577 1904 spemque
593 1822 782 1903 interceperit
797 1822 877 1883 anni.
944 1814 947 1826 '

182 1917 253 2003 Vite
267 1930 359 2002 caper
372 1916 472 1981 morsi
484 1917 599 1981 Bacchi
613 1918 786 1979 mactandus
800 1917 915 2001 aderas
1114 1918 1156 1980 55

180 2015 309 2078 Ducitur
322 2015 434 2078 ultoris.
479 2012 596 2076 Noouit
604 2035 657 2076 sua
671 2015 762 2097 culpa
774 2015 899 2076 duobus.

179 2111 265 2186 Quid
279 2112 424 2175 memistis
438 2130 521 2188 ores,
538 2112 687 2194 placidum
702 2133 805 2195 pecus,
820 2110 908 2195 inque
923 2108 1050 2173 tuendos

179 2205 291 2273 Natum
307 2209 452 2285 homines,
466 2209 556 2293 pleno
571 2230 634 2292 quae
650 2207 729 2293 sertis
744 2209 773 2271 in
788 2209 879 2272 ubere
893 2210 1017 2273 nectar?

180 2306 363 2390 Molliaque
379 2307 462 2368 nobis
478 2320 589 2367 vestras
604 2306 751 2368 velamina
764 2306 845 2387 lanas

179 2404 333 2479 praebetis,
348 2402 467 2489 uitrique
482 2400 586 2483 magis,
601 2404 691 2485 quim
705 2416 800 2464 morte
809 2401 930 2485 juvatis.
1111 2402 1155 2465 60
1201 2469 1207 2479 ,

178 2500 263 2575 Quid
278 2499 415 2562 meruere
430 2499 532 2575 boves,
548 2499 654 2560 animal
670 2498 733 2560 sine
748 2497 849 2561 fraude
864 2498 1008 2582 dolisque,

178 2596 354 2673 Innocuum,
369 2596 508 2678 simplex,
522 2608 624 2659 uatum
640 2595 764 2658 tolerare
780 2596 915 2659 labores?

179 2692 340 2757 Immemor
354 2706 399 2755 est
413 2692 545 2781 demum,
559 2712 616 2754 nec
631 2692 747 2775 frugum
762 2681 883 2755 munere
899 2693 1014 2776 dignus,

150 2860 152 2865 ,
178 2790 243 2863 Qui
258 2790 354 2874 potuit
367 2790 450 2852 curvi
465 2788 586 2872 dempto
599 2790 690 2852 modo
704 2791 835 2875 pondere
849 2791 936 2857 aratri
1032 2778 1037 2787 ’

178 2887 351 2950 Ruricolam
366 2899 495 2948 mactare
510 2906 615 2949 suum:
638 2888 689 2969 qui
703 2888 770 2949 trita
783 2877 884 2949 labore
1111 2888 1154 2951 65

180 2985 242 3061 ssla,
258 2984 363 3068 quibus
377 2983 465 3045 toties
479 2981 585 3044 durum
600 2997 794 3045 renovaverat
808 3004 921 3060 arvum,

177 3082 239 3146 Tot
255 3080 377 3144 dederat
391 3098 514 3155 messes,
529 3078 673 3165 percussit
686 3073 764 3142 colla
776 3080 882 3142 securi.

219 3179 249 3243 N
251 3200 286 3241 ec
300 3178 369 3240 satis
385 3190 440 3253 est,
455 3175 535 3260 quod
549 3176 608 3237 tale
623 3175 706 3239 nefas
722 3178 1034 3262 committitur:·ips0s

178 3278 355 3360 Inscripsere
369 3275 442 3337 deos
457 3274 571 3351 sceleri,
588 3278 757 3358 numenque
776 3296 938 3358 supernum

176 3374 269 3439 Cede
285 3370 431 3436 laboriferi
446 3371 570 3437 credunt
584 3371 713 3453 gaudere
724 3371 856 3456 juvenci.
1111 3378 1154 3439 70

177 3469 309 3533 Victima
322 3469 389 3531 labe
406 3489 520 3546 carens,
535 3482 565 3531 et
579 3469 815 3552 prestantissima
834 3468 939 3548 sormi,

179 3567 274 3655 (Nam
290 3565 435 3651 placuisse
449 3564 552 3651 nocet)
569 3565 647 3652 vittis
662 3551 812 3650 presignis
826 3581 857 3630 et
871 3588 953 3646 auro,
