2634 4259
439 726 596 828 ‚turm²
632 726 851 809 uenerit.

174 1066 251 1129 Nux
265 1086 321 1148 ego
331 1066 434 1150 juncta
449 1068 513 1143 viae,
527 1036 666 1129 clnn'sim
679 1068 742 1129 sine
756 1067 876 1131 crimine
890 1069 967 1145 vite,

216 1164 247 1224 A
261 1164 372 1245 populo
385 1164 464 1225 saxis
479 1177 673 1246 praetereunte
685 1175 779 1245 petor.

173 1256 309 1321 Obruere
323 1260 378 1320 ista
390 1260 466 1333 solet
480 1258 648 1321 manifestos
664 1280 753 1341 poena
767 1273 917 1337 nocentes,

136 1396 139 1405 .
217 1354 338 1416 Publica
353 1356 422 1416 crim
435 1355 544 1417 lentam
559 1376 619 1417 non
632 1356 712 1436 capit
727 1356 768 1416 ira
780 1376 903 1431 moram.

175 1447 226 1511 Nil
241 1450 298 1531 ego
312 1450 450 1532 peccavi:
473 1450 565 1511 nisisi
581 1450 722 1531 peccasse
738 1466 869 1527 vocetur,

219 1547 326 1607 Annua
339 1547 442 1607 cultori
456 1567 543 1629 poma
558 1546 665 1608 referre
679 1566 743 1607 suo.

174 1643 219 1703 At
232 1642 311 1723 priris
326 1642 485 1719 arboribus,
499 1654 562 1703 tum
576 1642 644 1704 oiim
658 1642 875 1705 meliora-suere

215 1736 378 1819 Tempora,
391 1751 541 1799 certamen
555 1737 707 1799 fertilitatis
721 1752 794 1800 erat.

175 1829 255 1893 Cirm
271 1832 379 1893 domini
393 1833 634 1894 memoresrsertis
649 1854 751 1894 ornare
765 1833 898 1896 solebant

219 1928 379 2008 Agricolas,
395 1926 488 1995 fluctu
505 1928 706 2009 proveniente,
720 1928 802 1989 deos.

175 2021 261 2105 Saepe
276 2037 340 2086 tuas
355 2025 451 2105 igitur,
466 2023 567 2099 Liber,
582 2024 702 2108 miratus
716 2044 853 2085 esurus:
951 2008 960 2024 ’

216 2117 325 2181 Mirata
339 2135 383 2182 est
398 2117 482 2182 oleas?
491 2141 569 2202 sepe
584 2118 722 2181 Minerva
735 2140 812 2181 suas.

174 2214 328 2299 Pomaque
341 2217 480 2278 laesissent
494 2230 635 2290 matrem3
658 2215 819 2277 nisubdita
832 2235 914 2280 ramo
986 2219 992 2223 ’
1033 2210 1036 2216 ’

215 2311 321 2393 Longa
335 2313 475 2375 laboranti
489 2305 570 2373 suren
584 2312 697 2373 tulisset
711 2332 811 2394 opem.
938 2371 942 2379 ,

174 2407 217 2469 At
232 2422 385 2491 postquam
401 2408 534 2489 plataniS,
549 2407 677 2469 sterilem
691 2405 885 2488 prebentibus
898 2394 1042 2484 umbram,
1059 2444 1064 2451 ,
1101 2407 1141 2467 15

164 2572 166 2577 .
215 2503 342 2566 Uberior
356 2503 459 2585 quivis
474 2504 575 2563 arbore
591 2502 672 2563 venit
686 2502 797 2575 honos;
885 2582 888 2586 ἵ
1060 2576 1064 2581 .

174 2597 238 2661 Nos
254 2620 370 2681 quoque
385 2598 525 2679 frugiferae
542 2598 580 2682 (si
597 2619 658 2673 nux
673 2598 763 2659 modo
777 2618 870 2679 ponor
883 2595 913 2658 iu
927 2595 997 2680 illis)

216 2693 373 2777 Coepimus
388 2695 417 2755 in
433 2695 546 2777 patulas
560 2694 707 2759 luxuriare
722 2715 832 2755 eomas.

174 2788 263 2852 Nunc
278 2811 374 2873 neque
388 2792 541 2852 continuos
554 2804 712 2853 naseuntur
733 2810 822 2871 poma
837 2810 890 2872 per
904 2809 1011 2851 anuos:

215 2885 344 2971 Uvaque
357 2889 426 2951 laesa
440 2890 571 2963 domum,
584 2889 711 2971 lesaque
725 2888 817 2949 bacca
832 2888 920 2948 venit.
1097 2889 1141 2950 20

174 2986 267 3050 Cert'e
283 3008 348 3067 ego,
363 2988 387 3049 si
402 3008 550 3069 nunquam
566 2988 755 3068 peperissem,
770 2985 858 3047 tutior
871 3006 978 3047 essem.

216 3084 276 3146 Ista
291 3082 517 3165 Clytemnestrae
531 3083 617 3163 digna
634 3081 754 3167 querela
769 3080 832 3142 suit.

174 3180 207 3241 Si
222 3180 295 3242 sciat
308 3180 365 3241 hoc
382 3179 623 3255 vitiS,·nascentes
638 3178 800 3259 supprimet
814 3197 902 3239 uvas:

216 3275 368 3359 Orbaque,
382 3276 406 3337 si
420 3276 492 3337 sciat
507 3275 574 3351 hoc,
589 3274 719 3337 Palladis
734 3275 819 3335 arbor
832 3275 896 3336 erit.

175 3372 243 3434 Hoc
258 3372 285 3433 in
302 3372 433 3433 notitiam
448 3372 545 3433 veniat
559 3372 695 3453 maloque
709 3359 831 3453 piroque
839 3391 848 3446 ;

217 3468 388 3529 Destituant
402 3469 489 3529 silvas
504 3480 625 3549 utreque
641 3489 730 3548 poma
744 3488 822 3528 suas.

175 3562 313 3645 Quaeque
328 3562 381 3623 sibi
398 3564 476 3625 vario
491 3563 638 3643 distinguit
654 3584 742 3645 poma
756 3564 865 3639 colore,

218 3659 329 3720 Audiat
343 3659 400 3721 hoc
413 3680 549 3735 cerasus3
571 3661 660 3741 stipes
674 3658 766 3721 inanis
779 3659 844 3721 erit.
