2634 4259
156 380 200 443 62
465 390 813 441 uurnnonrnoscou

196 536 310 601 Verinn
324 538 374 601 ubi
389 538 526 609 virtutem
540 541 631 602 turbe
645 540 837 603 succumbere
851 540 934 617 vidit,
1060 536 1126 607 120

152 635 346 713 ‘Auxilium'
363 636 501 724 Perseus,
517 638 674 721 ‘quoniam
688 638 730 699 sic
744 638 847 719 cogitis
862 638 939 720 ipsi,'

151 732 248 808 Dixit,
263 733 319 795 ‘ab
333 732 417 795 hoste
433 746 552 816 petam3
575 734 672 796 vultus
686 735 809 796 avertite
824 730 947 811 vestros,

150 828 183 890 Si
198 830 262 912 quis
276 828 387 891 amicus
402 830 485 891 adest
493 829 513 891 :'
535 843 566 891 et
580 821 726 911 Gorgonis
740 832 847 893 extulit
861 852 921 893 ora.

150 922 278 998 ‘Quaere
292 926 392 1002 alium,
407 940 458 989 tue
473 948 561 1011 quem
575 941 713 989 moveant
727 918 886 1004 miracula}
901 928 975 1007 dignit

148 1020 330 1087 Thescelus:
355 1036 444 1106 utque
459 1046 548 1085 manu
560 1021 693 1109 jaculum
708 1023 795 1086 satale
810 1025 931 1107 parabat
1061 1029 1122 1091 125

147 1117 279 1196 Mittere,
294 1120 323 1181 in
340 1120 397 1182 hoe
412 1120 495 1182 hesit
509 1120 625 1202 signum
641 1120 679 1181 de
693 1142 838 1183 marmore
854 1134 950 1203 gestu.

147 1216 305 1278 Proximus
321 1217 389 1279 liuic
405 1217 532 1301 Ampyx
547 1216 635 1279 animi
650 1217 819 1300 plenissima
831 1219 930 1300 magni

147 1312 274 1375 Pectora
288 1312 430 1397 Lyncidae
445 1314 541 1396 glatlio
556 1314 646 1397 petit:
670 1314 758 1398 inque
773 1314 904 1398 petendo

146 1408 282 1471 Dextera
296 1410 422 1491 diriguit,
437 1432 494 1473 nec
508 1411 581 1473 citra
593 1424 684 1488 mota,
698 1432 755 1472 nec
765 1412 851 1475 ultrit.

148 1507 189 1568 At
204 1506 319 1584 Nileus,
335 1508 431 1591 quise
447 1508 577 1590 genitum
593 1508 786 1591 septemplice
802 1507 873 1571 Nilo
1058 1512 1121 1574 130

146 1602 314 1667 Ementitus
329 1618 402 1681 erat,
416 1605 525 1687 clypeo
540 1626 658 1689 quoque
673 1604 795 1666 flumina
807 1619 925 1688 septem

145 1702 279 1783 Argento
294 1702 410 1784 partim,
425 1702 530 1783 partim
545 1702 701 1763 celaverat
714 1722 795 1778 auro,

145 1799 317 1882 ‘Adspice'
334 1801 383 1877 ait,
399 1798 541 1875 ‘Persem
557 1813 660 1861 nostre
675 1799 833 1881 primordia
846 1798 957 1882 gentis:

143 1894 257 1979 Magna
271 1896 346 1958 seres
361 1897 463 1959 tacitas
477 1896 579 1959 solatia
593 1896 694 1957 mortis
708 1896 746 1959 ed
760 1897 888 1973 umbras,

143 1994 175 2053 A
189 2006 271 2056 tanto
284 1994 426 2057 cecidisse
443 1994 525 2056 viro!
570 1992 643 2055 Pars
658 1993 761 2055 ultima
775 1994 855 2055 vocis
1057 1996 1116 2058 135
1181 2052 1184 2057 .

144 2088 178 2151 ln
193 2091 292 2151 medio
306 2112 464 2174 suppressa
478 2112 551 2152 sono
565 2103 626 2151 est:
649 2090 846 2174 adapertaque
862 2091 939 2152 velle
1011 2115 1014 2121 ’

143 2184 206 2247 Ora
220 2186 300 2269 loqui
315 2188 434 2262 credas3
457 2207 512 2247 nec
525 2199 594 2247 sunt
608 2206 645 2247 ea
659 2187 766 2269 pervia
775 2186 882 2248 verbis.

143 2282 280 2366 Increpat
295 2283 359 2360 hos,
375 2282 539 2366 ‘Vitioque¹
551 2281 650 2359 enimi,
665 2304 725 2344 non
739 2283 887 2360 crinibus,'
903 2283 1007 2368 iuquit,

143 2378 326 2463 ‘Gorgoneis
341 2380 482 2463 torpetis,'
500 2378 602 2463 Eryx:
626 2380 781 2443 ‘incurrite
796 2401 932 2458 mecum3
1050 2449 1056 2456 ,

142 2476 184 2539 Et
199 2477 371 2561 prosternite
388 2478 469 2539 humi
480 2477 632 2561 juvenem,
647 2478 762 2559 magica
776 2500 855 2542 arma
869 2480 1060 2542 moventem!
1167 2478 1170 2483 ’

141 2574 312 2637 Incursurus
327 2588 407 2649 erat;
429 2574 522 2637 tenuit
537 2576 659 2657 vestigia
674 2575 776 2637 tellus:
963 2584 969 2595 ‘
1053 2578 1148 2641 141·

143 2671 343 2755 lmmotusque
358 2672 444 2747 silex,
460 2685 628 2755 armataque
643 2671 750 2734 mansit
765 2672 871 2754 imago.
923 2702 927 2705 ·

141 2768 182 2831 Hi
197 2783 295 2831 tamen
312 2790 352 2830 ex
367 2768 471 2830 merito
486 2790 606 2853 poenam
621 2768 755 2845 subiere;
776 2768 919 2831 sedunus
977 2755 981 2763 ¹

140 2865 230 2929 Miles
246 2880 307 2928 erat
322 2866 435 2941 Persei,
451 2888 575 2949 proquo
590 2865 660 2927 dum
674 2880 797 2949 pugnat,
813 2867 978 2946 Aconteus,

140 2963 280 3047 Gorgone
295 2963 458 3047 conspecte
471 2986 544 3026 saxo
558 2964 708 3026 concrevit
722 2964 836 3027 oborto.
1051 2967 1111 3029 145

140 3060 241 3133 Quem
258 3075 336 3123 ratus
352 3062 500 3144 Astyages
515 3062 675 3125 etiamnum
690 3062 801 3139 vivere,
816 3062 905 3144 longo
1008 3145 1010 3149 ,

140 3156 222 3220 Ense
237 3158 320 3221 serit:
342 3159 439 3235 sonuit
452 3159 601 3245 tinnitibus
617 3160 694 3220 ensis
709 3160 813 3222 acutis.

143 3255 224 3319 Dum
238 3269 337 3338 stupet
352 3254 511 3338 Astyages,
525 3269 658 3317 naturam
673 3256 762 3317 traxit
776 3258 902 3317 eandem
912 3248 926 3317 :¹

140 3352 368 3437 Mannoreoque
383 3366 483 3415 manet
497 3353 594 3415 vultus
609 3353 738 3416 mirantis
753 3354 782 3415 in
797 3375 858 3415 ore.

140 3450 270 3513 Nomina
283 3450 371 3533 longa
384 3472 467 3513 mora
481 3463 525 3512 est
539 3448 638 3513 mediis
651 3449 690 3512 de
705 3451 793 3533 plebe
808 3450 936 3513 virorum
1050 3454 1112 3515 150

140 3546 262 3610 Dicere.
305 3547 359 3610 Bis
373 3562 493 3610 centum
508 3548 656 3611 restabant
669 3569 792 3633 corpora
806 3570 929 3633 pugne:
