2634 4259
547 326 551 333 '
602 348 710 400 orara
725 347 784 433 vri.

200 498 264 561 Aut
277 497 328 562 ubi
343 496 464 561 terrend
476 498 571 561 silices
586 498 703 561 somace
717 498 804 561 soluti
894 562 899 572 ,

201 595 382 679 concipiunt
397 596 497 679 ignem
511 595 687 679 liquidarum
698 595 873 681 adspergine
884 616 1044 680 aquarum:

200 693 328 756 Pectora
342 694 384 755 sic
399 693 604 769 intusclausas
619 694 768 755 volventia
782 693 926 770 flammas,

201 789 387 873 Gutturaque
402 802 469 852 usta
482 803 595 852 sonant.
639 789 757 852 Tamen
773 790 829 852 illis
843 790 955 852 AEsone
969 803 1054 852 natus

200 885 315 949 Obvius
329 888 362 949 it.
408 886 534 950 Vertere
549 900 646 950 truces
658 888 803 949 venientis
817 887 920 949 adora
1005 940 1008 946 .

201 982 360 1047 Terribiles
376 985 484 1061 vultus,
499 986 676 1069 praefixaque
691 1006 801 1049 cornua
814 982 908 1061 serro;

90 1124 102 1133 -
201 1078 441 1164 Pulvereumque
455 1083 550 1143 solum
564 1083 642 1165 pede
658 1082 813 1165 pulsavere
830 1082 960 1159 bisuloo;

138 1212 147 1229 ·
201 1176 411 1262 Fumificisque
426 1179 526 1241 locum
539 1177 697 1260 mugitibus
712 1179 885 1262 implevere.

200 1274 358 1356 Dirigudre
372 1289 455 1339 metu
470 1274 593 1358 Minyae.
639 1275 724 1338 Subit
739 1276 806 1353 ille;
828 1297 884 1338 nec
899 1275 981 1358 ignes

200 1372 296 1435 Sentit
311 1373 472 1449 anhelatos»,
490 1371 618 1459 (tantum
633 1373 828 1435 medicamina
842 1366 979 1457 possunt)

200 1467 395 1553 Pendulaque
410 1470 515 1532 audaci
529 1470 639 1531 mulcet
654 1470 781 1551 palearia
791 1468 914 1532 dextri:

200 1564 433 1649 suppositosque
443 1565 517 1650 jugo
531 1565 647 1648 pondus
662 1587 751 1647 grave
765 1566 843 1648 cogit
858 1565 943 1628 aratri

200 1662 332 1739 Ducere,
348 1677 378 1725 et
392 1664 539 1725 insuetum
553 1661 629 1725 ferro
643 1663 830 1746 proscindere
844 1683 995 1745 campum.

199 1757 344 1822 Mirantur
358 1759 465 1823 Colchi
480 1783 486 1822 :
509 1758 622 1842 Minyae
636 1759 812 1822 clamoribus
823 1759 958 1843 implent,

198 1856 410 1941 Adjiciuntque
423 1858 549 1919 animoa.
593 1856 691 1918 Galeri
703 1869 767 1917 tum
780 1857 869 1918 sumit
883 1855 960 1917 admi

199 1952 345 2038 Vipereos
360 1956 482 2031 dentas3
505 1966 535 2016 et
550 1966 644 2015 aratos
659 1953 768 2036 spargit
782 1953 812 2014 in
826 1972 921 2035 agros.

198 2052 324 2115 semina
332 2052 425 2115 mollit
440 2052 558 2128 humus,
574 2050 672 2113 valido
687 2050 836 2134 praetincta
851 2069 985 2112 veneno:

198 2148 239 2212 Et
253 2143 399 2225 crescunt,
414 2150 545 2232 fiuntque
559 2148 613 2211 sati
629 2168 708 2209 nova
721 2168 844 2231 corpora
858 2146 972 2209 dentes.

197 2244 239 2310 Et
253 2247 303 2309 ubi
318 2246 477 2309 visceribus
491 2247 620 2329 gravidae
636 2246 746 2308 telluris
761 2246 859 2327 imago

197 2342 315 2410 Effecta
331 2357 376 2406 est
390 2344 530 2421 hominis·
541 2343 613 2405 soeto
627 2342 776 2423 consurgit
790 2342 820 2405 in
835 2362 923 2403 arvo:

197 2439 350 2525 Quodque
365 2440 456 2522 magis
471 2440 587 2515 mirum,
601 2439 689 2501 simul
704 2438 783 2501 edita
796 2438 927 2500 concutit
941 2457 1031 2499 arma

198 2536 285 2611 Quos
299 2538 350 2599 ubi
365 2537 499 2599 viderunt
515 2548 667 2619 praeacutae
682 2534 811 2619 cuspidis
826 2535 924 2596 hastas
1014 2540 1018 2544 ’

197 2633 232 2697 In
246 2644 337 2719 caput
352 2633 498 2697 Haemonii
507 2633 625 2718 juvenis
640 2647 776 2717 torquere
793 2646 925 2716 paratos3

197 2730 354 2794 Demisere
369 2745 450 2793 metu
466 2731 639 2815 vultumque
655 2732 843 2817 animumque
857 2728 988 2813 Pelasgi.

197 2827 266 2912 Ipsa
281 2848 398 2912 quoque
413 2828 558 2905 extimuit,
575 2850 639 2912 quae
654 2842 750 2890 tutum
765 2826 875 2890 lecerat
888 2827 988 2890 illum:

197 2924 300 3010 thue
316 2927 377 3009 peti
388 2925 530 3009 juvenem
546 2938 588 2986 tot
603 2926 676 2985 vidit
690 2926 727 2986 ab
740 2925 871 2986 hoetibus
886 2945 989 3000 unum,

197 3022 325 3100 Palluit;
347 3036 378 3085 et
389 3021 485 3084 subito
499 3022 561 3082 sine
576 3019 834 3101 sanguine-frigida
848 3019 934 3081 sedit.

197 3119 284 3183 Neve
300 3120 403 3203 parum
419 3118 535 3179 valeant
550 3137 567 3177 a
581 3138 613 3179 se
629 3116 698 3179 data
711 3118 850 3199 gramina,
864 3138 985 3182 carmen

196 3216 350 3279 Auxiliare
365 3216 461 3292 oanit;
484 3228 670 3297 secretasque
685 3215 808 3277 advocat
825 3228 911 3278 artes.

196 3315 261 3391 llle,
276 3335 395 3396 gravem
411 3312 523 3376 medios
538 3312 649 3375 silicem
659 3312 805 3396 jaculatus
819 3313 849 3374 in
863 3312 973 3390 hostes,

196 3413 226 3473 A
242 3434 274 3479 se
290 3412 446 3493 depulsum
461 3409 590 3473 Martem
605 3411 750 3472 convertit
763 3412 792 3472 in
808 3410 898 3492 ipsos.

196 3508 365 3591 Terrigenae
380 3522 503 3593 pereunt
518 3530 571 3590 per
585 3521 687 3569 mutua
701 3508 822 3570 vulnera
836 3506 955 3586 fmtres3
