2634 4259
164 394 234 454 114·
338 472 342 481 Ι
474 404 822 457 unrauonrrrosron

161 547 257 612 Fama
271 563 364 627 tenet,
380 550 554 634 summaque
570 551 693 614 domum
706 552 761 614 sibi
774 553 846 633 legit
859 552 892 614 iri
904 572 989 616 aree:
1113 556 1137 619 ὅ

160 645 392 731 innumerosque
407 647 511 723 aditus,
527 669 563 709 ac
577 648 657 710 mille
672 648 813 712 foramina
826 650 912 711 tectis

162 742 294 821 Addidit,
310 757 340 805 et
353 744 439 806 nullis
454 744 569 806 inclusit
584 745 685 807 limina
698 746 799 827 portis.

159 838 258 903 Nocte
273 840 379 925 dieque
395 854 509 924 patent.
524 854 526 859 '
553 840 633 903 Tota
647 853 692 903 est
707 862 747 902 ex
762 862 831 903 aure
845 842 979 905 sonanti:

158 936 239 999 Tota
252 936 365 1003 fremit:
390 957 538 1021 vocesque
552 935 658 1000 refert:
682 938 826 1021 iteratque
842 938 921 1022 quod
935 938 1027 1001 audit.
1094 960 1105 975 ·

138 1030 250 1096 ,Nulla
264 1034 347 1117 quies
361 1033 448 1111 intus,
463 1033 603 1116 nullique
616 1034 732 1095 silentia
746 1047 840 1117 parte.
916 1058 934 1066 ··
1091 1038 1140 1109 10,

157 1127 188 1192 N
190 1152 225 1193 eo
240 1144 339 1193 tamen
355 1144 399 1193 est
412 1130 533 1207 clamor,
548 1130 600 1191 sed
615 1150 713 1212 parve
728 1150 877 1205 murmura
891 1130 988 1193 vocis:
1066 1172 1079 1186 „

43 1298 49 1306 .
157 1226 269 1299 Qualia
283 1227 321 1289 de
336 1227 443 1311 pelagi,
458 1226 482 1289 si
498 1226 562 1309 quis
577 1227 680 1308 procul
694 1227 803 1304 audiat,
817 1226 903 1289 unda
931 1253 934 1259 ·

157 1322 234 1385 Esse
249 1324 360 1387 solent:
384 1322 539 1406 qualemve
553 1344 671 1399 sonum,
684 1322 754 1383 edm
766 1320 886 1404 Jupiter
899 1334 976 1385 atras
1011 1337 1016 1342 ·

151 1412 307 1503 ¹Increpuit
320 1420 426 1497 nubes,
440 1433 574 1483 extrema
588 1419 716 1481 tonitrua
729 1419 865 1481 reddunt.

156 1516 242 1601 Atria
256 1518 342 1579 turba
353 1530 472 1579 tenent:
497 1516 618 1577 veniunt
631 1516 700 1577 leve
714 1514 830 1596 vulgus,
844 1526 993 1598 euntque:
1091 1516 1131 1577 15

156 1603 313 1696 Mixtaque
326 1634 396 1675 oum
411 1613 487 1674 veris
501 1612 794 1695 passimgoommenta
808 1610 951 1692 vagantur

155 1708 251 1773 Millia
264 1730 431 1772 rumorum:
455 1700 634 1790 oonfusaque
651 1706 740 1769 verba
754 1708 898 1769 volutant.

155 1805 186 1870 Ε
200 1807 305 1891 quibus
320 1806 351 1868 hi
365 1816 473 1869 vacuas
487 1805 612 1889 implent
626 1804 809 1867 sennonibus
824 1806 927 1867 aurest
943 1792 947 1799 ¹

155 1904 197 1967 Hi
212 1894 328 1967 narrata
341 1902 437 1966 serunt
452 1901 526 1969 alid:
550 1922 747 1985 mensuraque
761 1902 821 1963 ficti

155 2001 290 2079 Crescit3
312 2015 343 2064 et
357 2000 462 2064 auditis
477 2000 694 2083 aliquidnovus
708 1998 807 2083 adjicit
821 2011 932 2061 auctor.
1085 1998 1130 2062 20

155 2098 219 2161 lllic
232 2090 414 2173 Credulitas,
429 2096 487 2160 illio
502 2096 673 2159 temerarius
687 2094 788 2171 Error,
804 2096 816 2117 ‘

155 2194 301 2279 Vanaque
315 2194 431 2256 Laetitia
445 2206 500 2269 est,
513 2191 751 2273 consternatique
766 2189 914 2266 Timores,

154 2292 326 2376 Seditioque
340 2310 457 2373 repens,
472 2288 619 2371 dubioque
634 2300 753 2349 auctore
768 2285 896 2349 Susurri.

154 2388 224 2471 lpsa
238 2388 308 2472 quid
322 2388 352 2451 in
365 2387 444 2450 ooelo
457 2407 565 2463 rerum,
580 2385 746 2469 pelagoque
760 2396 887 2465 geratur,
1101 2463 1107 2473 ‚
1147 2443 1150 2447 .

154 2484 197 2548 Et
210 2487 326 2564 tellure,
341 2485 432 2564 videt,
446 2498 600 2569 totumque
615 2480 734 2565 inquirit
745 2481 777 2543 in
790 2479 904 2543 orbem.
991 2489 994 2493 ’
1084 2479 1129 2543 25
